3575 5442
741 355 938 413 „27-

197 511 286 577 Tuds
309 533 370 577 nos
394 511 523 577 animus
548 506 671 600 aequos
694 511 882 578 subuortdt.
919 511 984 581 Ml.
1009 511 1112 578 Tace:

197 618 274 684 Non
296 617 374 684 flet.
398 618 502 684 istaec
526 621 636 685 mitte:
663 619 705 684 da
728 625 763 684 te
787 619 868 684 mihi
891 619 1006 685 hodie:

196 726 353 812 Expdrge
376 724 531 792 frontem.
572 725 645 795 ΒΕ.
670 726 815 814 Tempus
839 725 890 791 ita
912 725 982 794 fert
1005 726 1141 806 seilicet,

195 831 451 898 Faoidndumst:
475 833 531 897 ibo
555 835 702 898 ceterum
725 855 798 898 oum
821 831 899 898 filio

196 938 278 1005 Cum
302 942 409 1028 primo
432 939 499 1005 luoi
521 941 590 1006 riis.
627 939 696 1010 Ml.
721 939 772 1005 De
795 945 892 1004 noete
916 942 1049 1005 censeo:

194 1046 304 1112 Hodie
327 1045 381 1112 fao
404 1045 550 1111 hilarum
573 1049 607 1112 te
630 1046 735 1112 modo.
772 1046 845 1116 DE.
868 1045 976 1114 Istam
998 1046 1176 1132 psaltriam

195 1153 283 1218 Hine
308 1153 503 1219 abstraham
525 1175 651 1218 meeum
673 1153 753 1219 illue
776 1175 854 1219 una.
893 1152 957 1224 Ml.
982 1152 1106 1218 Filium

193 1261 244 1325 Ed
268 1265 366 1346 paeto
390 1259 460 1326 illio
482 1263 623 1348 prdrsus
645 1259 877 1348 adplicauerio.

24 1422 35 1450 ,.
159 1401 161 1405 v
194 1366 293 1433 Modo
317 1366 421 1434 facito
444 1366 600 1455 ut'illam
622 1370 747 1433 seruas.
776 1366 859 1435 'Du
884 1367 977 1433 Istue
1000 1368 1133 1432 uidero:

194 1474 248 1538 lbi
271 1473 412 1540 fauillae
435 1474 536 1562 plena
558 1473 642 1540 fumi
665 1474 801 1562 pdllinis

194 1579 371 1670 Coquendo
395 1581 474 1648 fauo
498 1584 544 1648 sit
566 1580 734 1648 molendo:
758 1584 896 1668 praeter
919 1582 999 1653 haee

193 1688 242 1753 Vt
264 1691 337 1775 ipso
362 1689 523 1776 stipulam
546 1688 685 1774 edlligat
707 1687 861 1770 meridie;

21 1859 31 1880 ,
114 1825 118 1838 «
192 1794 374 1861 Exedotam
396 1795 543 1877 reddam,
567 1797 647 1876 tam,
672 1817 770 1883 quam
794 1795 903 1876 carbo,
929 1796 1047 1860 atram.
1082 1793 1148 1863 Ml.
1172 1794 1302 1860 Plaoet:

192 1901 290 1968 Nune
313 1901 395 1967 mihi
418 1901 533 1968 uidere
556 1905 685 1990 sapere.
711 1908 822 1990 ‘atque
847 1901 998 1990 equidem
1020 1901 1135 1981 filium

194 2008 270 2075 Vna
290 2015 366 2074 tum
388 2031 504 2095 cogam
527 2009 659 2075 etiamsi
683 2008 768 2074 nolit
782 2011 831 2073 dt
854 2009 973 2074 eubet'

192 2114 265 2183 DIl.
291 2115 455 2181 Derides?
478 2115 673 2182 fortunatus
698 2115 807 2181 animo
832 2118 889 2203 qui
913 2115 995 2180 sies:

105 2249 111 2255 ·
192 2221 267 2307 Ego
291 2222 411 2288 sentio.
447 2222 511 2320 Ml.
536 2222 720 2308 Pergisne?
755 2221 828 2293 ΒΕ.
853 2213 925 2288 Iam
949 2221 1015 2286 iam
1040 2221 1164 2287 desino.
1210 2178 1212 2183 Ι

193 2327 258 2398 ΜΙ.
282 2329 397 2394 intro:
421 2329 472 2395 rei
497 2329 608 2417 quoist
632 2330 662 2396 ei
686 2351 853 2397 sumamus
876 2329 963 2394 hrine
987 2328 1082 2394 diem.

643 2752 1000 2861 ¹AOTVSV.

746 3003 923 3099 nunna.

188 3198 380 3287 Nrimquam
404 3200 579 3288 quisquam
604 3202 687 3267 bene
711 3202 874 3267 subducta
898 3202 1030 3267 ratione
1054 3202 1097 3267 ad
1120 3200 1225 3267 uitam
1249 3201 1325 3283 fuit,
1418 3203 1472 3256 855

190 3305 279 3386 Quin
301 3328 356 3374 res
381 3313 474 3373 aetas
498 3309 577 3374 risus
602 3308 882 3397 semper'aliquid
907 3308 1064 3397 adportet
1087 3308 1175 3390 noui,

186 3395 328 3500 Aliquid
351 3420 501 3490 moneat:
525 3416 565 3480 rit
589 3436 673 3503 quae
697 3414 782 3481 seire
806 3415 923 3480 eredas
946 3415 1008 3480 illa
1029 3415 1158 3480 nescias

186 3499 233 3585 Et
256 3520 414 3608 repudies
439 3521 653 3608 experiundo,
678 3525 788 3609 prima
813 3543 908 3611 quae.
921 3522 1105 3610 putauerie

188 3625 394 3706 Quddnuno
418 3631 548 3695 euenit:
573 3651 650 3694 nam
673 3629 780 3694 vitam
804 3630 932 3710 duram,
957 3650 1057 3717 qnam
1079 3629 1151 3696 uixi
1175 3631 1279 3718 risque
1304 3629 1421 3709 adhue,

187 3731 298 3820 Prdpe
320 3734 388 3799 iam
412 3757 507 3800 curso
531 3735 642 3824 spatio
665 3736 773 3802 mitto.
799 3737 839 3801 ob
864 3737 963 3824 quam
985 3736 1080 3802 rem?
1103 3758 1141 3801 re
1163 3735 1238 3825 ipsa
1260 3735 1396 3822 repperi
1419 3735 1473 3788 880

186 3838 368 3905 Facilitate
392 3841 478 3907 nihil
502 3864 574 3907 esse
597 3842 723 3908 homini
746 3843 865 3908 melius
888 3865 996 3931 neque
1018 3842 1212 3909 elementia:

186 3926 239 4010 Ex
263 3969 314 4010 me
337 3969 454 4012 uerum
478 3949 608 4036 quoiuis
633 3955 734 4038 atque
757 3949 866 4016 fratre
890 3949 989 4015 facile
1013 3952 1158 4016 ndsoere.
1199 4021 1203 4025 ,

186 4052 304 4118 Vitem
327 4075 457 4142 semper
481 4055 552 4140 egit
574 4054 631 4122 ille
655 4056 690 4121 in
715 4057 783 4122 dtio
807 4055 980 4137 conuiuiis,

188 4158 339 4225 Clemens
362 4160 530 4247 placidae„
548 4163 633 4228 milli
655 4162 789 4229 laedere
815 4167 859 4246 da,
885 4164 1039 4230 adridere
1064 4165 1229 4230 dmnibus:

187 4264 260 4331 Sibi
284 4267 387 4333 uixit:
412 4267 477 4333 sibi
500 4271 669 4357 sumptum
692 4270 781 4352 feeit,
807 4274 917 4336 dmnes
942 4272 1023 4337 bene
1049 4272 1164 4338 dieunt
1188 4278 1314 4337 amant.
1418 4271 1470 4324 885

185 4353 248 4438 llle
271 4395 332 4460 ego
356 4375 501 4460 agrestis
525 4380 643 4442 saeuos
666 4377 777 4443 tristis
801 4378 922 4464 pareus
946 4378 1156 4444 trnoulentds
1179 4384 1281 4444 tenax

186 4478 278 4578 Dixi
302 4503 453 4547 uxorem:
479 4485 576 4571 quam
600 4484 768 4550 miseriam
792 4483 881 4549 nidi!
906 4486 978 4550 nati
1003 4484 1084 4566 filii,

185 4581 267 4650 Alia
291 4608 385 4652 eura:
410 4588 486 4654 drim
509 4591 626 4656 studeo
650 4591 727 4672 illis,
752 4591 839 4672 heia,
864 4588 1037 4679 utiquam
1061 4593 1250 4678 plurumum

186 4690 354 4776 Pauorem,
378 4697 523 4761 eontriui
548 4697 741 4785 quaerundo
765 4700 871 4763 uitam
896 4705 997 4788 atque
1022 4703 1166 4765 aetatem
1192 4722 1312 4765 meam:
