3575 5442
712 410 910 464 „17-

173 563 244 634 ΒΕ.
268 563 394 629 Pudet:
419 587 479 630 nec
503 564 582 652 quid
607 585 704 650 agam
728 567 787 630 nac
810 565 876 629 scio
902 516 981 652 quid
1004 564 1231 663 respdndeam.
1284 572 1288 581 '

172 667 247 738 PA.
273 669 508 735 Misarruuoam
531 669 596 735 mel
622 670 759 736 differor
783 670 962 736 dolaribus

169 776 254 842 lund
277 775 416 858 Lucina,
441 776 494 842 far
518 799 627 864 opem:
652 801 703 844 me
726 799 825 844 serua
849 778 994 843 dbsecro.

169 882 242 954 ΗΕ.
266 884 361 962 Hem,
385 886 464 949 nam
489 906 624 972 quaesox
634 884 694 950 illa
717 885 891 972 parturit?
916 884 988 955 GE.
1012 884 1121 967 Cerae,
1145 886 1264 971 Hagio.

169 990 242 1061 llll.
267 991 361 1073 Hem,
385 994 544 1074 nostram,
570 992 704 1074 Damea,
729 991 826 1058 illaec
849 991 998 1080 inplorat
1020 992 1127 1075 fidem,

171 1097 266 1179 Quod
290 1097 343 1164 ius
366 1122 426 1165 uos
450 1100 549 1185 cogit,
574 1100 608 1165 id
631 1100 806 1165 uoluntate
828 1101 988 1185 inpetrat.

169 1205 257 1271 Deos
281 1204 362 1271 haec
386 1227 508 1294 quaeso
531 1207 674 1292 primum
697 1205 782 1272 fiant
805 1208 844 1271 at
868 1207 971 1272 decet.

171 1311 230 1378 Sin
255 1312 355 1378 aliter
378 1313 508 1380 animus
531 1316 647 1379 uaster
671 1320 731 1395 est,
757 1337 827 1398 ego,
851 1313 987 1394 Damea,

170 1419 267 1485 Hanc
291 1422 391 1509 atque
414 1442 540 1486 summa
564 1423 599 1486 ui
624 1420 799 1486 defendam
821 1423 995 1486 martuom.

171 1526 260 1593 Erat
283 1533 461 1614 cognatus:
486 1530 555 1594 ana
578 1550 690 1593 sumus
714 1550 734 1593 a
757 1528 907 1615 paruolis

170 1633 310 1700 Edac’ci:
335 1655 465 1721 semper
487 1634 612 1700 faimus
635 1635 778 1701 militiae
803 1635 890 1701 domi

171 1740 262 1806 Vna:
288 1743 354 1806 ana
377 1745 612 1829 paupertatem
635 1743 836 1828 pertulimas
859 1764 1008 1828 grauem.

170 1847 386 1935 Quaprdpaer
408 1849 502 1914 nitar
524 1848 646 1915 faciam
670 1849 835 1937 experiar,
861 1849 1003 1936 danique

171 1955 327 2021 Animam
349 1956 535 2045 relinquam
558 1957 671 2044 patius
695 1979 794 2045 quam
816 1956 892 2022 illas
917 1955 1077 2022 daseram.

172 2060 260 2141 Quid
283 2064 365 2130 mihi
388 2063 593 2151 respondes?
629 2063 701 2134 DE.
725 2063 881 2130 Fratrem
905 2063 1109 2155 annuariam,
1134 2062 1253 2148 Hagio

172 2168 245 2239 llll.
271 2169 336 2236 Sed
361 2171 468 2236 animo
493 2171 620 2256 cogites
644 2176 682 2236 tu
705 2170 818 2252 facito,
843 2170 978 2250 Damea,

173 2273 280 2354 Quam
304 2280 363 2342 uas
387 2277 555 2343 facillume
580 2277 692 2364 agitio,
718 2299 816 2366 quam
840 2277 921 2344 estis
944 2279 1096 2343 maxume

170 2382 331 2451 Podanaes
356 2385 442 2450 dites
465 2385 633 2450 fartunali
657 2385 794 2465 nabiles

171 2491 254 2556 Tam
277 2493 427 2558 maxume
450 2515 510 2578 uos
534 2495 638 2580 adquo
663 2491 772 2557 animo
798 2513 904 2579 aequa
927 2493 1062 2558 nascere

171 2597 323 2684 Oparlel,
348 2599 377 2664 si
401 2621 460 2664 uos
484 2599 585 2664 udltis
609 2599 780 2686 perhiberi
803 2599 936 2687 probos.

171 2703 241 2772 DIl.
266 2703 406 2771 Redito:
431 2704 514 2771 fient
538 2709 623 2793 quaa
646 2705 721 2771 fieri
745 2712 918 2794 aequomst
942 2706 1061 2772 amnia.

170 2810 242 2881 ΗΕ.
266 2811 372 2877 Decet
395 2818 429 2878 te
453 2812 574 2878 facere.
612 2813 710 2892 Gaia,
735 2835 786 2877 me
810 2812 872 2878 duc
894 2813 938 2876 ad
964 2812 1162 2878 Sdstratam.

173 2918 245 2986 Dll.
271 2918 348 2984 Non
371 2919 539 2984 indicente
562 2919 657 2985 flunt
681 2921 762 2984 haec
785 2942 851 2984 mc:
875 2922 922 2984 sit
944 2920 1039 2984 modo

170 3023 390 3091 Defunctum:
415 3025 519 3090 nimia
543 3028 698 3110 magnum
722 3025 872 3111 profecta
897 3026 1019 3091 malum

169 3130 272 3196 Illaao
296 3131 410 3197 euadit
432 3135 468 3197 1'n
492 3131 626 3220 aliquod
649 3131 796 3198 licantia.

170 3239 240 3319 Ibo,
265 3239 434 3327 requiram
457 3239 608 3320 fratrem,
633 3246 672 3305 ut
695 3240 730 3304 in
754 3262 827 3305 eum
850 3241 932 3305 haec
955 3244 1114 3306 auomam.

733 3487 888 3559 analo.

169 3669 262 3734 Bono
287 3669 465 3736 animosis
490 3676 524 3734 aa
548 3669 634 3757 quad
659 3675 753 3756 poles
777 3671 887 3757 istam,
914 3669 1080 3749 Sastrata,

29 3811 40 3828 ·
170 3776 238 3842 Fac
261 3776 437 3844 cansolere.
462 3778 646 3858 Micionem,
671 3781 734 3844 sisi
757 3778 846 3864 apud

170 3886 305 3966 Foram,
329 3886 535 3951 conueniam:
560 3888 614 3950 ras
638 3892 677 3951 ut
699 3891 832 3971 gestast
856 3886 972 3952 ardino

170 3992 343 4058 Narrabo:
369 3993 432 4058 sisa
454 3991 607 4056 lactarus
631 3991 778 4057 officiam
801 4014 903 4071 suom,
981 4006 984 4011 “

169 4100 305 4165 Faciat:
330 4099 381 4164 sin
405 4098 506 4164 ali-ter
529 4098 590 4164 hac
615 4099 654 4164 de
677 4121 714 4165 re
738 4099 916 4180 sentencia,

33 4249 43 4262 ·
170 4207 385 4294 Respdndeat
407 4205 499 4286 mihi,
525 4208 622 4294 quam
646 4207 788 4293 primum
812 4211 851 4270 ua
875 4206 955 4294 quid
979 4208 1076 4290 agam
1099 4205 1210 4271 sciam.
