3575 5442
608 1078 1015 1166 PROLOGVS.

332 1302 440 1368 Poeta
462 1307 639 1391 postquam
663 1303 769 1369 sensit
792 1303 995 1391 scripturem
1018 1326 1112 1369 suam

332 1409 387 1474 Ab
410 1409 535 1498 iniquis
560 1410 733 1476 obserueri
757 1416 792 1477 et
815 1411 1030 1477 aduersarios

332 1517 467 1603 Rapere
490 1519 526 1582 in
549 1503 702 1605 peiorem'
718 1519 850 1604 partem
873 1519 983 1585 acturi
1007 1520 1105 1606 quem
1128 1542 1257 1586 sumus:

332 1623 459 1688 Indicio
485 1624 525 1689 de
548 1644 616 1690 sese
639 1626 711 1710 ipse
735 1625 810 1703 erit,
835 1646 894 1689 uos
918 1623 1053 1705 iudices,
1094 1658 1096 1660 v

333 1727 539 1817 Operteatne
561 1728 655 1796 laridi
678 1730 763 1797 uitio
788 1730 909 1797 ducier.

332 1835 682 1923 Synepothnescontcs
705 1838 837 1927 Diphili
860 1837 1029 1904 comoedia

331 1943 411 2010 Est:
437 1941 690 2011 Cdmmorientis
714 1945 856 2011 Plautus
878 1944 961 2010 fecit
983 1944 1142 2012 febulam.

330 2051 371 2116 In
396 2050 560 2118 Graecast
584 2053 641 2140 qui
663 2052 774 2118 leneni
798 2052 1006 2118 meretricem
1030 2036 1132 2140 eripit

331 2157 537 2224 Adulescens
560 2159 669 2245 prima
692 2157 826 2224 febula:
850 2159 958 2224 locum
980 2160 1150 2244 integrum

332 2263 487 2353 Reliquit
510 2265 663 2332 Planius.
688 2265 742 2331 hic
765 2279 838 2332 eum
861 2269 1004 2352 sumpsit
1026 2267 1106 2332 sibi:
1197 2293 1202 2298 *

331 2370 372 2437 In
395 2372 567 2460 Adelphos
591 2373 729 2438 uerbum
754 2372 794 2438 de
817 2373 920 2438 uerbo
945 2375 1136 2459 expressim
1159 2371 1250 2438 tulit.

331 2478 456 2546 Actiri
478 2500 599 2546 nouam
623 2502 695 2546 eam
718 2482 778 2546 nes
802 2502 931 2545 sumus:
956 2479 1146 2565 pernescite

331 2584 516 2652 Furtdmne
539 2585 667 2652 factum
691 2586 899 2652 existumetis
925 2585 1097 2650 inlocum

331 2692 550 2778 Reprensum,
576 2693 633 2780 qui
656 2692 863 2779 praeteritus
887 2691 1145 2779 neglegentiast.

331 2798 419 2863 Nam
443 2798 530 2887 qued
553 2798 704 2865 maliucli
727 2799 851 2879 dicunt,
876 2799 1025 2865 homines
1047 2798 1170 2864 nebilis

331 2905 429 2969 Hunc
453 2903 608 2970 ediutarc
633 2905 835 2992 adsidueque
857 2927 925 2969 una
948 2904 1110 2969 scribere:

332 3011 549 3076 Existumant
571 3011 782 3077 maledictum
806 3011 893 3099 quod
918 3011 1102 3091 uehemens,
1127 3033 1199 3077 eam

331 3117 396 3182 Hic
418 3117 550 3184 laidem
574 3118 666 3183 ducit
688 3119 883 3198 minumum,
908 3116 977 3183 illis
1001 3120 1099 3206 quem
1122 3116 1241 3205 placet,

332 3223 397 3305 Qui
420 3224 516 3290 udbis
541 3225 709 3290 uniuersis
733 3231 768 3291 et
789 3223 912 3311 popule
936 3224 1079 3311 placent,

333 3330 481 3411 Quorum
503 3354 563 3397 suc
587 3332 727 3419 quisquc
749 3334 829 3397 risus
853 3353 956 3418 opera
979 3334 1127 3418 tempore

330 3439 371 3503 In
396 3437 508 3519 eticst‚
533 3437 570 3504 in
590 3437 679 3505 bello
703 3437 775 3504 sinc
798 3438 966 3524 superbia.

331 3544 461 3610 Dehinc
485 3545 716 3630 ¹{argumentum
740 3567 781 3610 ne
807 3545 989 3631 expectetis
1011 3544 1163 3610 fabulae:

332 3651 498 3738 Aperiunt
520 3657 651 3738 partem
675 3651 775 3739 primi
799 3652 856 3739 qui
880 3652 1017 3718 uenient
1039 3673 1144 3732 senes,

331 3760 371 3824 ln
396 3759 524 3845 agendo
548 3765 680 3846 partem
704 3759 896 3826 ostendent:
920 3757 956 3823 in
980 3757 1155 3824 comoediis

323 3867 391 3932 Res
414 3868 531 3952 gestae
554 3888 621 3931 non
644 3868 839 3948 narrentur,
864 3866 922 3932 sed
945 3867 1109 3952 persenae
1132 3868 1239 3950 agunt

279 3980 286 3988 ’
331 3973 444 4060 Ipsem
466 3973 640 4061 loquentes
662 3975 752 4038 inter
775 3994 843 4039 sese
865 3971 1024 4038 tribulam.

331 4079 537 4165 industriam
560 4078 663 4146 facite
688 4079 932 4168 aequanimitas
956 4081 1090 4164 uigeat.
