3575 5442
843 369 1039 428 ..10-

297 528 347 595 Vt
370 528 502 613 eripere
526 549 587 614 per
611 526 859 613 oppressionem
882 524 1054 612 pestulet?

298 634 368 704 SY.
391 633 563 700 Labescit.
588 656 689 698 unum
712 635 774 699 hoo
797 631 920 699 habeo:
945 632 1023 698 uide
1046 632 1075 697 si
1099 633 1153 696 set
1176 629 1303 718 placet:

297 741 415 807 Potius
440 762 538 828 quam
561 741 678 806 uenias
701 741 738 804 in
761 739 931 827 periclum,
957 738 1090 819 Senum,
1527 737 1581 792 240

298 848 461 915 Sernesne
484 868 528 912 an
551 847 672 934 perdas
696 849 813 927 tetum,
839 846 1009 912 diuiduem
1031 844 1115 916 face.

297 955 407 1021 Mines
432 959 542 1020 decem
565 953 726 1036 conredet
750 952 912 1018 alicunde.
948 952 1020 1022 SA.
1043 951 1088 1016 Ei
1111 950 1203 1031 mihi,

297 1062 412 1129 Etiem
437 1061 477 1128 de
501 1071 591 1126 sorte
615 1059 651 1124 in
675 1059 810 1126 dubium
834 1082 921 1125 nuno
944 1059 1042 1124 uenid
1066 1057 1190 1123 miser?

297 1169 408 1235 Pudet
430 1167 541 1234 nihil?
565 1167 670 1233 omnis
694 1166 804 1232 dentis
828 1165 986 1231 labefecit
1009 1165 1108 1230 mihi:

297 1277 481 1342 Praeterea
505 1274 653 1362 colaphis
676 1275 776 1339 triber
801 1280 852 1339 est
874 1276 982 1339 totum
1006 1279 1123 1359 caput:

296 1384 412 1450 Etiem
438 1381 594 1448 defrudet
616 1380 778 1468 insuper?
802 1403 976 1469 nusquam.
1000 1380 1071 1452 SY.
1096 1363 1146 1446 it
1168 1381 1275 1446 lubet:

297 1490 467 1578 Numquid
492 1488 572 1577 quin
597 1489 713 1553 abeam
736 1488 810 1554 uis?
845 1486 916 1558 SA.
941 1488 1044 1554 Immo
1068 1489 1130 1554 hoc
1153 1492 1286 1577 quaese,
1312 1488 1408 1575 Syre,
1543 1504 1546 1508 ⁴

297 1597 347 1664 Vt
370 1603 409 1662 ut
432 1596 514 1661 haee
537 1603 617 1661 sunt
640 1601 726 1677 aeta,
751 1595 864 1681 petius
888 1617 987 1682 quam
1010 1595 1082 1660 litis
1106 1617 1236 1685 sequar,

297 1703 407 1771 Meum
430 1702 512 1768 mihi
535 1702 672 1784 reddat,v
691 1701 810 1768 seltem
834 1702 954 1790 quanti
977 1705 1131 1789 emptest‚
1157 1702 1252 1789 Syre.

299 1811 373 1878 Scio
396 1813 432 1876 te
454 1833 521 1876 non
547 1810 689 1875 antehac
710 1812 807 1875 risum
831 1809 981 1874 amicitia
1003 1831 1092 1876 mea:

297 1918 478 1985 Memorem
502 1940 554 1982 me
579 1917 667 1982 dices
692 1919 772 1999 esse,
797 1924 942 2002 gratum.
979 1916 1049 1987 SY.
1074 1916 1194 1982 Sedulo

297 2025 443 2091 Faciem.
468 2025 525 2090 sed
551 2023 784 2112 Ctesiphenem
807 2025 922 2094 uideo:
946 2025 1056 2091 laetus
1080 2032 1138 2090 est.

298 2134 349 2198 De
373 2134 487 2198 amica.
524 2129 596 2203 SA.
622 2130 710 2212 Quid
735 2133 822 2219 quod
847 2132 929 2198 ero?
964 2133 1034 2201 SY.
1058 2131 1238 2219 Paulisper
1260 2153 1366 2202 mane.

594 2364 835 2435 cruslrno.
870 2364 1037 2456 suave.
1074 2363 1291 2451 (sonmo.)

298 2505 368 2578 OT.
393 2507 464 2572 Abs
481 2508 592 2596 quiuis
608 2508 748 2588 homine,
775 2510 906 2596 quemst
923 2520 1014 2594 opuS,
1039 2506 1237 2572 beneficium
1253 2506 1402 2593 accipere
1420 2506 1578 2592 gaudeas:

298 2613 423 2681 Veriuu
447 2614 545 2680 iuuat
569 2615 655 2679 enim
678 2617 759 2680 uero
786 2615 925 2694 demum,
949 2617 979 2679 si
1003 2621 1134 2702 quemst
1157 2635 1296 2702 aequom
1321 2615 1401 2680 bene
1416 2613 1510 2678 facit.
1527 2613 1579 2666 255

299 2719 326 2784 0
351 2720 461 2786 freter
484 2720 603 2803 frater,
629 2721 708 2810 quid
733 2744 793 2806 ego
816 2721 950 2786 laudem
972 2721 1083 2786 nimo?
1107 2721 1191 2787 satis
1215 2725 1306 2788 certe
1330 2723 1414 2788 seio:

233 2860 235 2866 ·
297 2826 486 2915 Numquam
509 2828 684 2914 magnifice
709 2831 883 2916 quicquam
908 2827 1024 2909 dicam,
1049 2831 1159 2893 uirtus
1183 2830 1265 2916 quin
1287 2832 1425 2916 superet
1448 2835 1517 2894 tua.
1624 2824 1627 2830 ¹

297 2933 418 3023 Itaque
442 2936 528 3001 hene
551 2935 677 3001 habere
698 2939 768 3002 rem
792 2936 1007 3022 praecipuam
1028 2937 1165 3022 praeter
1190 2934 1273 3000 ah'os
1298 2937 1457 3016 erbitror,

298 3041 408 3126 Magis
431 3042 556 3108 hemini
579 3043 703 3108 nemini
726 3043 910 3129 primarum
933 3039 1077 3107 fratrem
1099 3042 1292 3129 principem,
1318 3044 1451 3108 entium.

243 3157 245 3162 ’
299 3147 369 3218 SY.
394 3147 421 3213 O
447 3148 617 3236 Ctesipho.
653 3148 722 3219 CT.
748 3147 776 3213 Ο
802 3148 898 3235 Syre,
931 3149 1118 3214 Aeschinus
1141 3150 1257 3215 ubist?
1297 3150 1367 3220 SY.
1391 3132 1512 3230 Elium,
1543 3155 1578 3214 te

265 3313 267 3318 .
1156 3259 1310 3343 expectat
1333 3257 1430 3322 domi.
1526 3255 1580 3309 260

298 3360 363 3431 CT.
388 3360 484 3426 Hem.
520 3361 590 3432 SY.
615 3360 728 3441 Quid?
765 3361 834 3432 CT.
859 3360 972 3442 Quid?
997 3384 1099 3449 opera
1121 3363 1222 3444 illius,
1248 3363 1343 3450 Syre,
1375 3386 1461 3430 nune
1483 3365 1576 3429 uiuo:

1152 3469 1308 3536 festinem
1333 3479 1442 3558 caput,
1469 3526 1474 3532 .

299 3571 364 3654 Qui
387 3577 464 3660 pest
486 3575 623 3660 putauit
647 3576 756 3642 emnia
781 3598 851 3642 esse
875 3576 940 3642 sibi
963 3599 1034 3642 meo
1058 3599 1141 3663 prae
1165 3578 1340 3659 cemmod0,

296 3680 470 3763 Labeonem,
495 3682 629 3763 famam,
654 3683 842 3764 meledicta,
868 3707 975 3748 meum
997 3684 1032 3748 in
1057 3687 1093 3750 se
1116 3691 1288 3770 peccatum
1310 3684 1489 3752 trenstuiit

297 3786 407 3873 Supra
430 3788 523 3857 nihil.
547 3789 630 3856 foris
654 3790 734 3878 quid
758 3791 913 3878 crepuit?
938 3790 1007 3862 SY.
1031 3791 1140 3873 Mene,
1165 3812 1277 3858 mane:
1301 3792 1373 3878 ipse
1389 3795 1459 3858 exit
1473 3793 1575 3858 foras,

447 4020 725 4092 AuseHINVS.
762 4021 950 4093 SANNIO.
986 4023 1227 4096 eruslrflu
1259 4026 1425 4097 SYRVS.

296 4162 371 4230 ΑΕ.
404 4162 592 4249 Sacrilegus
605 4163 661 4229 iile
674 4165 790 4231 ubist?
811 4165 883 4236 SA.
909 4166 963 4232 Me
976 4167 1119 4255 quaerit.
1133 4169 1292 4257 numquid
1309 4168 1437 4234 ecfert?
1456 4167 1575 4233 decidi:

296 4268 355 4333 Nil
389 4270 496 4338 uideo.
531 4271 608 4341 ΑΕ.
636 4272 743 4338 Ehem
778 4277 980 4360 opportune:
1021 4281 1055 4340 te
1090 4276 1197 4362 ipsum
1235 4279 1376 4364 quaero:
1413 4275 1493 4363 quid
1527 4274 1577 4361 fit,

1152 4382 1334 4471 Ctesipho?
1525 4381 1578 4436 96⁶
1608 4453 1610 4457 ,

294 4482 336 4547 In
358 4485 433 4549 tito
456 4507 511 4550 res
535 4492 586 4552 est
610 4487 724 4551 emnis:
749 4487 844 4553 mitte
868 4491 949 4553 uero
973 4490 1149 4555 tristitiem
1171 4497 1274 4556 tuam.

296 4588 365 4659 CT.
378 4591 451 4676 Ego
471 4595 552 4658 uero
576 4593 683 4674 mitto,
710 4598 767 4681 qui
791 4594 922 4682 quidem
934 4597 1075 4662 habeam
1087 4601 1121 4663 te
1134 4597 1292 4662 fratrem:
1311 4620 1329 4662 o
1342 4596 1387 4662 mi
1399 4597 1576 4678 Aeschine,

296 4695 323 4760 Ο
348 4700 393 4761 mi
415 4721 588 4782 germane:
613 4701 648 4765 in
673 4704 708 4766 ds
733 4703 777 4765 ah
799 4724 919 4767 uereor
943 4702 1084 4788 emplius
1108 4704 1248 4769 laudere
1271 4710 1315 4783 te,
