3575 5442
727 401 862 458 -Vll
905 435 942 442 -

186 559 239 628 iffi
251 558 374 627 fuisse:
399 559 497 628 immo
514 559 640 646 incepit
655 559 812 647 primitus
829 565 862 625 ct
879 564 990 628 6246
1009 581 1028 624 6
1044 563 1146 627 uerbo
1163 564 1390 629 6666161616.
1409 567 1473 633 261

191 667 233 732 ab
258 666 399 734 6666161·
423 665 511 753 6666
534 666 673 732 uerbum
697 666 754 754 qui
777 688 913 752 prosam
936 667 1121 734 orationem
1150 691 1189 734 ex
1218 670 1370 739 uersibus
1394 670 1476 737 fecit

191 797 264 840 cum
302 779 379 860 post
414 773 569 856 66616616
603 779 735 857 practer
772 793 858 856 spem
896 773 1099 856 collocasset,
1138 776 1327 863 suppletum
1353 772 1417 844 661
1455 801 1476 844 6

190 880 342 946 librariis
372 883 438 948 246
468 880 523 946 661
554 881 678 946 6666161
708 880 763 946 661
791 881 840 962 ot,
886 883 949 949 261
976 883 1103 948 mordet.
1142 882 1281 949 Gratias
1311 886 1476 971 agendum

191 985 343 1073 prosaico
379 986 466 1076 quod
500 988 637 1054 6666161
669 992 704 1052 61
737 990 868 1054 eueniet
898 1011 965 1054 666
996 990 1152 1070 6616611,
1185 991 1243 1056 666
1274 993 1477 1080 scripturam

190 1093 343 1160 Terentii
366 1093 528 1160 intactam
551 1093 705 1183 reliquit:
730 1094 825 1160 uides
848 1094 937 1162 enim
954 1095 1044 1167 ,hanc
1067 1097 1268 1164 uarietatem
1288 1099 1477 1187 scripturae

190 1225 245 1266 uu.
271 1204 495 1280 alestam,
531 1223 631 1289 6666
665 1207 765 1289 poete
796 1207 886 1268 certe
920 1225 986 1268 non
1016 1203 1152 1270 admisit
1181 1204 1247 1272 6161
1277 1208 1477 1274 necessitate

188 1307 411 1394 grammatica
439 1313 583 1388 6666166,
616 1308 730 1374 66666
763 1329 834 1374 6666
864 1308 907 1373 66
938 1309 1118 1394 genuinam
1148 1332 1305 1378 uersuum
1336 1307 1478 1380 formam

188 1413 443 1480 restituendam.
1031 1439 1035 1444 ’
1116 1438 1119 1440 ’

300 1523 356 1587 Ad
387 1531 494 1589 artem
524 1523 696 1589 metricam
727 1523 815 1612 6666
840 1523 975 1605 attinet,
1000 1548 1032 1590 u.
1057 1529 1124 1594 249
1148 1548 1185 1592 66
1208 1515 1367 1599 foedatur
1390 1529 1477 1618 6666

194 1630 293 1700 66661
315 1651 465 1696 caesura.
490 1629 568 1696 Non
591 1630 699 1696 minus
714 1630 834 1698 foedae
848 1636 929 1696 6661
944 1637 999 1696 661
1015 1632 1140 1698 661166
1157 1627 1478 1721 quaeinuoniuntur

189 1737 227 1802 16
254 1737 319 1813 bac
339 1743 438 1826 parte
461 1759 578 1804 uocum
594 1737 899 1826 monosyllabarum
914 1738 1157 1828 synaloephae:
1182 1743 1248 1808 239
1262 1763 1349 1825 spem
1372 1747 1475 1824 61666,

190 1831 271 1910 mihi
300 1844 408 1928 obtipit
453 1848 520 1912 240
542 1865 612 1910 666
642 1844 798 1910 16616166
838 1849 902 1912 241
931 1845 1036 1925 Quom
1060 1847 1096 1913 60
1123 1869 1190 1913 rem
1221 1850 1324 1915 6666
1354 1846 1495 1936 (16666-Ι

192 1952 269 2016 666
302 1951 566 2036 6666666611)
613 1955 678 2020 246
701 1972 786 2036 spent
810 1959 943 2019 6666161
989 1957 1156 2042 2616666
1178 1957 1477 2023 666616117666166

189 2080 391 2147 quamquam
413 2058 567 2147 pluribus
598 2059 813 2148 sequentibus
842 2060 994 2127 consonis
1018 2084 1084 2127 non
1106 2051 1290 2148 productae
1313 2067 1378 2146 248
1402 2037 1479 2131 ‘irae

188 2166 219 2230 61
245 2166 377 2232 redierit
401 2172 435 2232 et
458 2169 525 2235 260
552 2147 642 2249 <lpas
664 2168 746 2236 6661.
771 2167 878 2233 Porro
899 2168 1106 2255 praepositio
1125 2175 1258 2252 praeter
1280 2169 1403 2259 ubique
1426 2171 1477 2239 ita

144 2308 149 2312 ·
191 2271 302 2358 posita
325 2278 373 2353 ut,
399 2272 551 2359 quamuis
574 2272 751 2360 spondaico
775 2272 821 2339 sit
844 2275 1022 2355 metienda,
1057 2280 1170 2340 tamen
1198 2278 1388 2364 cumpadis
1412 2278 1477 2344 fine

190 2385 382 2446 concurrat:
414 2380 449 2446 id
474 2381 571 2469 quod,
603 2381 634 2446 61
657 2380 802 2471 excipias
826 2383 969 2471 primam
993 2390 1027 2448 61
1054 2384 1294 2471 paenultimam
1320 2408 1478 2476 uersuum

191 2485 409 2552 iambicerum
439 2487 543 2568 sedes,
575 2511 641 2554 non
671 2489 766 2554 modo
787 2489 887 2576 *apud
920 2489 1124 2576 posteriores
1147 2490 1264 2578 poetas
1287 2515 1362 2562 666,
1377 2492 1477 2560 licere

191 2592 314 2658 sedne
344 2594 434 2681 apud
458 2592 653 2660 Terentium
683 2595 814 2684 quidem
837 2619 935 2683 spero
958 2597 1116 2664 lectorem
1139 2596 1205 2684 sibi
1231 2594 1477 2686 persuasurum,

192 2699 250 2764 ubi
272 2722 378 2766 meam
402 2701 634 2790 Adelphorum
663 2703 887 2770 recensionem
916 2703 1112 2791 inspexerit.
1143 2705 1237 2771 Idem
1252 2705 1351 2791 ualet
1375 2707 1416 2772 66
1438 2729 1478 2772 66

191 2829 277 2896 6666
301 2809 451 2875 61666616
475 2832 631 2876 uersuum
655 2814 721 2879 246
746 2818 780 2876 61
801 2814 867 2879 260
882 2810 1085 2897 infringitur
1107 2812 1244 2897 regulas
1268 2813 1366 2879 debet
1390 2814 1478 2879 onim

191 2916 416 3001 paenultimus
440 2939 557 2983 uersus
581 2917 715 2982 iambici
737 2940 796 3005 pes
822 2922 881 2983 aut
905 2918 1051 3006 spondeo
1076 2924 1136 2984 aut
1151 2925 1334 3007 anapaesto
1351 2920 1478 3007 expleri

191 3027 330 3108 praeter
353 3023 514 3110 quosdam
538 3045 633 3092 66666
659 3024 716 3114 661
741 3023 782 3088 66
807 3024 867 3090 hos
890 3024 980 3092 locos
996 3049 1062 3091 666
1078 3024 1251 3112 pertinent
1274 3030 1332 3110 (ΞΕ
1346 3027 1474 3116 61-6-

191 3128 247 3194 uel
282 3128 319 3217 -)
339 3163 482 3210 o-o-,
507 3127 689 3218 numquam
710 3153 789 3196 uero
815 3132 954 3221 [ἕω-1
973 3133 1076 3219 o-).-

300 3235 391 3316 Quas
423 3236 643 3304 difficultates
675 3262 785 3304 omnes
816 3261 988 3305 remouere
1018 3238 1161 3324 contigit
1191 3240 1318 3326 partim
1339 3241 1477 3312 seclusis

191 3342 511 3438 interpolationibus
535 3344 661 3430 partim
684 3346 863 3412 uerborum
888 3346 1005 3411 ordine
1021 3346 1207 3411 immutato.
1233 3346 1479 3416 0616123961

190 3449 250 3513 hoc
272 3449 351 3516 mito·
384 3453 452 3521 240
474 3472 545 3516 sum
568 3456 605 3516 61
639 3456 705 3520 242
727 3473 832 3518 secum
855 3452 955 3540 (quod
973 3453 1126 3518 Donatus
1148 3454 1311 3521 66161116
1326 3456 1477 3541 proximo

191 3558 306 3641 uersu)
351 3561 570 3624 244661661
612 3561 854 3643 2466661161
877 3565 963 3643 (cum
988 3559 1146 3625 Cicerone
1171 3561 1370 3647 61666666
1392 3568 1477 3646 (666
1603 3612 1608 3622 .

191 3663 365 3748 Cicerone)
403 3666 526 3731 6666161
558 3667 644 3751 (666
673 3666 785 3752 libris)
816 3668 857 3732 661
888 3669 975 3752 (cum
1006 3665 1178 3753 Cicerone)
1221 3672 1287 3736 246
1310 3670 1345 3735 id
1375 3672 1477 3759 (6666

190 3770 258 3836 6116
282 3771 352 3837 1666
376 3771 503 3858 legitur
526 3773 613 3860 apud
638 3773 823 3857 Donatum)
855 3776 979 3840 666616
1015 3777 1080 3842 247
1105 3779 1147 3838 -st
1181 3778 1245 3842 248
1269 3777 1350 3841 mdes?
1374 3778 1476 3864 (apud

191 3877 361 3944 Donatum
386 3879 451 3944 alio
480 3875 550 3944 loco
574 3881 736 3967 positum:
768 3881 926 3946 Lactant.
951 3883 1035 3951 1661.
1062 3881 1130 3947 VII
1153 3885 1195 3949 27
1221 3887 1242 3949 3
1265 3889 1300 3948 61
1323 3884 1477 3950 Donatus

191 3985 227 4050 in
250 3986 401 4072 proximo
426 4008 526 4052 uersu
549 3989 627 4052 mtto·
651 3988 811 4054 omittunt
835 4011 908 4054 cum
923 3992 954 4075 γ)
979 4009 1043 4055 ease
1067 3991 1141 4075 (pro
1166 4013 1230 4077 666
1254 3995 1331 4059 ΕΡ
1351 3992 1478 4058 habent

190 4097 236 4157 eat
266 4093 418 4182 6666666
450 4093 577 4158 6611111
607 4094 775 4178 Donatus)
812 4099 1022 4164 onocoetae
1056 4101 1120 4166 261
1137 4099 1180 4163 <td
1214 4119 1278 4164 csse
1301 4099 1357 4164 in:
1380 4121 1476 4165 uoces

189 4199 263 4264 fere
287 4199 453 4265 666666
478 4223 588 4266 omnes
612 4201 801 4267 lenissimae
833 4207 987 4284 naturae,
1020 4204 1134 4292 quales
1165 4205 1273 4270 solent
1303 4205 1477 4271 intrudere

189 4305 461 4393 interpolatores.
497 4307 546 4372 Ut
577 4308 619 4373 66
646 4309 864 4375 remouendas
896 4310 1185 4397 interpolationes
1220 4311 1271 4376 116
1301 4312 1403 4378 61166
1434 4314 1476 4378 66

189 4412 371 4496 genuinum
401 4419 529 4479 textum
560 4415 805 4482 restituendum
833 4417 909 4482 usui
941 4424 1038 4483 erant
1069 4441 1141 4485 cum
1173 4418 1288 4485 Cicero
1323 4419 1477 4485 Donatus

190 4519 391 4590 Lactantius
408 4526 478 4587 tum
494 4521 657 4590 librorum
673 4525 929 4612 unumquodque
949 4548 1070 4611 genus:
1095 4520 1424 4592 submnistrauerunt
1440 4530 1475 4608 βγ

191 4647 308 4692 uersus
332 4629 671 4695 240-2426616666
695 4630 730 4695 16
754 4655 783 4710 α,
808 4635 863 4715 opp
888 4635 954 4699 243
975 4634 1074 4698 coitio
1097 4640 1131 4700 et
1165 4637 1232 4700 244
1252 4638 1298 4714 61,
1322 4633 1477 4698 omissum

189 4739 368 4822 utrumque
392 4723 597 4817 aCioerone‚
622 4736 748 4822 legitur
771 4738 860 4825 apud
878 4737 1069 4805 Ciceronem
1093 4744 1159 4808 246
1175 4742 1290 4806 houm
1312 4761 1475 4822 66166661,
