3575 5442
733 401 1029 470 ..7-‘

286 571 462 641 Irascere?
501 571 574 642 DE.
600 571 655 636 An
679 594 746 636 non
769 569 901 636 credis?
923 576 1063 658 repeton
1087 570 1183 656 quem
1207 566 1306 632 dedi?
1393 629 1397 637 ,

285 683 443 766 Aegrest,
467 679 495 744 si
520 679 598 762 (non
623 677 764 760 alienus)
790 678 902 742 obsto:
928 676 1052 741 desino.

286 788 398 856 Vnum
420 787 472 852 uis
496 807 616 866 curem,
641 786 736 849 citro:
762 789 796 850 et
820 789 871 850 est
896 783 961 871 (dis
984 783 1113 868 gretia)

286 897 342 962 Itu
365 896 404 959 ut
426 894 519 959 uolo:
543 898 619 958 tuos
643 891 708 957 iste
731 893 804 976 ipse
827 912 937 956 secum
960 889 1084 955 sentiet

286 1001 476 1068 Posterius:
502 999 577 1065 nolo
601 998 741 1084 grauius
767 998 941 1087 quicquam
959 996 1078 1062 dicere.
1103 1036 1146 1045 —
1412 995 1465 1050 140

285 1109 350 1179 MI.
375 1108 469 1188 Quae
493 1106 575 1172 dicit
598 1128 705 1193 neque
728 1104 814 1170 nihil
836 1108 916 1169 sunt
939 1126 999 1170 nco
1022 1109 1133 1169 tamen
1157 1102 1284 1169 emnia:

285 1216 362 1283 Non
386 1215 435 1280 nil
457 1213 597 1278 molesta
621 1215 701 1278 sunt
723 1212 822 1278 mihi:
847 1211 906 1277 sed
930 1211 1104 1276 ostendere

287 1325 400 1409 Aegre
421 1321 496 1409 pati
519 1344 569 1386 me
593 1320 702 1386 neiui:
726 1340 804 1384 nam
827 1319 912 1386 itast
935 1319 1048 1382 homo:

287 1429 393 1511 Quom
416 1428 521 1516 placo,
545 1428 603 1494 uix
627 1429 769 1494 humene
792 1423 1079 1514 patiturzsedulo

286 1538 463 1603 Aduersor
487 1542 521 1602 et
545 1536 714 1601 deterreo:
739 1535 794 1600 siu
818 1535 958 1618 augeam

286 1645 360 1710 Aut
384 1644 484 1710 etiam
509 1643 642 1708 adiutor
666 1642 736 1707 eius
759 1640 977 1720 iracundiam,

286 1751 457 1818 insaniam
480 1750 630 1837 profecto
654 1772 728 1814 cum
750 1748 819 1813 illo.
843 1746 1004 1812 iniuriam

287 1859 364 1924 Etsi
387 1880 453 1923 non
476 1857 571 1923 inre
595 1856 721 1922 nullam
743 1855 828 1920 facit
850 1856 913 1920 hao
937 1853 1134 1922 Aeschinus

291 1964 399 2046 Quam
421 1967 489 2030 nen
512 1963 641 2029 amauit
663 1961 871 2028 meretricem
897 1966 957 2025 urit
980 1959 1059 2048 quoi
1082 1961 1148 2024 nen
1172 1957 1290 2024 dedit?
1410 1986 1414 1993 ·

286 2073 458 2138 Postremo
482 2071 592 2154 (oredo
615 2069 682 2135 iem
705 2069 866 2136 taedebat
889 2068 1045 2152 omnium)
1413 2066 1465 2120 150

287 2180 435 2247 derem
456 2178 543 2243 ueile
567 2179 673 2264 nuper
698 2176 785 2241 dixit
809 2175 937 2240 decere.

287 2285 470 2372 Sperebam
492 2285 560 2349 iam
584 2283 769 2349 deteruisse
793 2282 1071 2349 adulescentiam:

288 2393 493 2460 Gaudebam.
518 2390 558 2456 de
581 2391 715 2476 integro
741 2393 826 2456 ecce:
851 2391 937 2455 soire
961 2388 1122 2478 quidquid
1147 2393 1198 2453 est

288 2502 348 2582 Ac,
373 2501 460 2588 apud
484 2498 594 2564 forum
617 2497 691 2580 sist,
716 2499 892 2564 cenuenire
916 2497 1081 2563 hominem
1103 2495 1189 2562 uolo.

646 2823 888 2924 AOTVS
935 2824 994 2923 H.

271 3067 459 3138 sunnio.
495 3066 773 3138 nusoffluvs.
811 3067 1098 3157 (oscorum.)
1133 3068 1375 3141 rnuuuuo.

181 3263 253 3334 SA.
277 3249 430 3345 Obsecro,
455 3265 634 3352 populeres
656 3264 745 3331 ferte
769 3268 888 3332 misero
906 3265 1067 3330 auxilium
1084 3271 1186 3353 atque
1200 3240 1387 3333 innocenti:
1413 3266 1466 3321 155
1599 3347 1600 3350 Ἴ

179 3354 277 3457 inopi
302 3372 486 3440 subuenite.
525 3371 600 3441 Ali.
628 3371 780 3438 Consiste
804 3372 880 3438 ilico
905 3395 1002 3453 nuno,
1028 3373 1144 3438 etiose.

182 3477 270 3559 Quid
293 3478 485 3584 respectas?
508 3479 556 3544 nil
579 3478 747 3566 periclist:
772 3481 836 3561 hio,
862 3502 923 3566 ego
949 3481 1025 3545 dum
1050 3480 1160 3560 aderd,
1185 3502 1364 3568 numquam
1387 3485 1431 3544 te.

181 3583 254 3655 SA.
279 3585 439 3651 Omnibus
464 3608 524 3671 ego
548 3587 667 3651 inuitis
691 3587 801 3653 istam.

184 3691 256 3764 AB.
281 3692 368 3774 Neu,
393 3713 592 3781 quamquam
615 3694 783 3774 molestus,
807 3695 930 3760 iterum
949 3699 989 3762 ut
1003 3694 1102 3760 hddie
1118 3695 1256 3782 uapuiet
1272 3694 1466 3760 committet.

182 3799 253 3870 SA.
276 3799 380 3880 Audi,
405 3822 446 3865 ne
469 3799 574 3866 fuisse
599 3800 690 3866 dicas
713 3803 868 3885 ignarum
894 3804 1041 3867 medrum
1065 3824 1209 3867 morum:
1414 3802 1466 3856 160

182 3908 274 3973 Leno
290 3929 371 3972 sum.
388 3905 465 3976 Ad.
482 3906 566 3972 Soio.
596 3906 667 3977 SA.
685 3892 734 3974 At
749 3915 788 3973 ut
804 3929 944 3996 usquam
964 3908 1032 3973 fuit
1049 3912 1184 3996 eptuma
1201 3909 1375 3998 quisquem
1391 3909 1466 3975 fide.

180 4014 278 4080 Nelie
303 4019 343 4078 tu
369 4014 457 4101 quod
480 4016 515 4079 te
538 4015 706 4101 posterius
730 4016 853 4102 purges
878 4015 964 4081 hano
987 4015 1146 4082 iniuriam

181 4121 329 4202 Factam,
354 4120 453 4186 huius
476 4144 543 4186 non
565 4121 697 4187 seciam.
722 4123 829 4204 crede,
854 4123 907 4188 iius
931 4145 991 4208 ego
1015 4146 1123 4189 meum
1146 4127 1346 4214 persequar:

181 4227 298 4317 Neque
321 4234 360 4293 tu
383 4226 491 4293 solues
515 4230 670 4316 umquam
693 4230 816 4310 uerbis„
841 4233 879 4295 re
903 4231 990 4318 quod
1013 4231 1096 4296 mihi
1119 4230 1337 4298 malefeceris.
1400 4238 1402 4241 ’

181 4335 270 4402 Neui
294 4341 411 4400 uostra
436 4335 565 4400 ‘ndilem
587 4335 731 4402 factum:
756 4342 790 4421 te
813 4338 877 4402 hec
900 4338 1075 4422 indignum
1097 4338 1223 4404 inieria
1414 4338 1466 4392 165

182 4441 330 4508 Debitor
352 4439 584 4508 iusiurendum
609 4443 626 4524 ’‚
652 4442 799 4530 indignis
824 4444 978 4531 acceptus
1003 4469 1100 4533 quom
1122 4448 1186 4510 sim
1208 4445 1324 4511 modis.

181 4547 257 4618 ΑΕ.
283 4548 352 4613 Abi
374 4569 465 4635 prae,
490 4552 626 4633 strenue
650 4550 734 4616 foris
759 4551 861 4637 aperi.
898 4550 970 4624 SA.
999 4552 1072 4619 Heu
1094 4553 1143 4618 nil
1166 4552 1271 4620 facies
1295 4551 1465 4620 ceterum?

182 4655 257 4726 ΑΕ.
282 4655 379 4720 Iutrd
402 4678 488 4720 nunc
512 4655 524 4719 i
547 4656 625 4720 iam.
662 4657 732 4728 SA.
757 4658 834 4724 Non
859 4659 946 4724 enim
970 4659 1086 4726 sinam.
1122 4659 1198 4729 ΑΕ.
1222 4644 1353 4726 Accede
1376 4658 1465 4737 illuc,

1037 4767 1218 4833 Permeno:
