3575 5442
800 360 1057 420 .—Vffl-

301 517 394 604 quod
405 518 597 602 neglectum
621 538 642 580 a
665 517 842 598 codicibus,
867 518 970 583 habet
990 521 1091 599 5224
1107 520 1236 584 etmihi
1251 525 1286 584 et
1302 525 1387 601 (cum
1402 515 1588 586 Lactantio
1680 567 1684 572 ι

302 629 403 712 atque
425 623 574 706 Donato)
597 644 709 705 usque.

409 729 505 812 Quod
539 734 605 800 245
639 730 719 796 libri
755 734 790 814 βγ
825 732 966 797 tradunt
952 733 1086 816 t,fieri
1117 754 1216 816 posse,
1250 732 1415 818 glossema
1446 742 1527 815 est,¹
1534 687 1585 801 ad

301 836 498 956 explicanda
531 837 636 904 uerba
671 859 756 924 quae
790 781 996 924 praecedurit
1032 840 1225 905 Communia
1258 861 1323 906 ease
1351 841 1446 923 haec,
1481 842 1588 908 habet

300 943 388 1010 enim
411 943 566 1038 Donatus
592 944 786 1010 Communia
817 966 880 1010 esse
910 945 1007 1011 hoec:
1031 946 1112 1028 fieri
1138 966 1229 1029 posse
1257 947 1281 1015 i.
1305 969 1333 1015 e.
1360 948 1481 1013 lemma
1512 971 1585 1014 cnm

189 1052 193 1058 '
301 1051 532 1142 explicatione.
567 1051 701 1146 ltaque.
717 1056 777 1116 aut
806 1050 990 1138 Galliopina
1014 1052 1141 1119 Donati
1172 1054 1406 1121 commentario
1434 1055 1490 1120 uel
1513 1055 1586 1121 eius

217 1153 219 1158 ’
300 1157 393 1224 fonte
417 1159 525 1224 minus
549 1158 734 1245 prudenter
756 1180 836 1223 usus
860 1179 946 1225 esse..
954 1158 1091 1225 uidetur
1114 1167 1175 1226 ant
1197 1161 1408 1248 irrepserunt
1438 1162 1520 1227 haec
1536 1185 1586 1227 ex

300 1265 498 1351 glossemate
529 1263 617 1353 quod
647 1269 725 1332 erat
747 1264 842 1330 inter
870 1264 992 1332 lineas:
1024 1267 1059 1331 id
1091 1266 1300 1354 probabilius
1333 1267 1460 1332 factum
1490 1268 1527 1334 in
1554 1293 1585 1349 a,

301 1371 359 1436 ubi
374 1371 446 1436 sola
462 1395 526 1438 uox
540 1361 669 1454 possum
689 1371 905 1457 interpolata.
932 1371 1028 1452 Quod
1052 1395 1111 1459 ego
1135 1374 1256 1462 scripsi
1281 1374 1476 1440 Communia
1497 1376 1586 1456 baec,

302 1478 468 1564 pendete,
490 1478 593 1544 uerbo
627 1480 782 1560 deputare
810 1481 902 1562 (245)
932 1485 1071 1569 totaque
1101 1481 1270 1547 sententia
1300 1480 1351 1547 ita
1379 1481 1583 1546 ordinanda:

300 1585 440 1668 Perepre
462 1586 591 1652 redicas
613 1606 735 1668 suaper
758 1606 863 1651 secam
887 1587 999 1670 copilel
1014 1586 1065 1671 (lei
1081 1586 1151 1671 [teta
1168 1587 1440 1674 berautbebadpt),
1460 1589 1587 1670 pericla

301 1694 424 1758 domna
454 1693 553 1758 ecam
584 1697 642 1758 aul
664 1692 733 1774 filu·
758 1696 925 1775 peccalum
955 1695 1069 1758 uxoris
1097 1699 1237 1775 mortem,
1265 1694 1407 1760 morbum
1432 1695 1521 1770 filiae
1541 1735 1586 1744 —
1643 1682 1646 1686 ¹

304 1800 488 1894 communio
510 1800 588 1868 laec
617 1800 719 1887 (quae
745 1823 808 1866 uox
838 1799 949 1865 omnia
973 1822 1058 1888 quae
1074 1808 1277 1868 enumerata
1299 1808 1379 1872 sunt
1402 1802 1586 1867 iternm'ut

303 1929 405 1971 unum
422 1905 501 1994 quid
517 1905 762 1995 complectitur)
778 1909 942 1990 depellare,
944 1937 951 1967 z
965 1910 1003 1972 al
1019 1908 1145 2010 nequid
1163 1908 1279 1977 boram
1302 1929 1466 1991 umquam
1477 1909 1587 1976 animo

303 2022 421 2079 nouom
451 2015 590 2094 areatat,
623 2003 778 2096 qmdqmid
805 2020 937 2098 praeter
966 2035 1052 2097 apem
1084 2015 1120 2098 (1.
1145 2037 1173 2079 0.
1195 2016 1316 2084 enema
1317 2019 1343 2093 l)
1375 2035 1467 2080 omme
1496 2015 1587 2080 lucro

302 2120 337 2208 (i.
355 2143 382 2185 0
401 2122 556 2204 deputare
580 2122 848 2206 copital)lLucro
873 2127 925 2186 est
948 2121 1100 2187 datiuus:
1125 2102 1220 2186 lucro
1235 2123 1389 2203 dammare
1406 2119 1587 2191 dictumtu

301 2227 395 2314 apud
407 2227 652 2304 Tertullianum
675 2229 784 2294 delicto
808 2230 972 2311 deputare
998 2227 1106 2308 Quam
1128 2227 1315 2293 sententiae
1340 2225 1505 2292 ordinem
1506 2249 1586 2295 cum

300 2358 366 2401 non
389 2334 602 2420 intellegeret
625 2335 682 2423 qui
705 2335 890 2404 librumP
910 2335 1066 2416 correxit,
1097 2358 1138 2400 ex
1153 2337 1323 2416 'deputa-re
1350 2333 1433 2400 iecit
1455 2336 1585 2417 deputa.

331 2507 335 2512 .
381 2441 462 2514 ,En
491 2442 593 2508 habes
621 2442 809 2536 exemplum
838 2442 994 2522 rationis,
1029 2463 1107 2530 qua·
1129 2441 1310 2513 restituere
1345 2445 1483 2506 conatus
1513 2463 1585 2509 sum

300 2548 474 2638 Adelphos
504 2547 656 2614 Terentii
689 2571 819 2637 quaque
853 2549 889 2614 in
918 2554 1090 2635 posterum
1121 2555 1155 2614 et
1184 2547 1333 2636 reliquas
1365 2547 1517 2632 Terentii
1551 2554 1587 2613 et

299 2655 478 2726 Plautinas
502 2637 592 2738 (nam
614 2655 678 2720 hae
699 2664 831 2743 ‘quoque
854 2655 927 2721 fere
951 2655 1063 2720 eodem
1085 2656 1181 2720 modo
1205 2654 1374 2738 foedatae)
1401 2654 1586 2722 comoedias

300 2763 343 2834 ad
374 2761 553 2848 pristinam
584 2761 734 2841 formam,
765 2761 796 2828 si
819 2761 911 2826 Deus
940 2761 1047 2827 uitam
1078 2783 1123 2826 ac·
1145 2761 1360 2849 bibliopolam
1382 2761 1585 2850 prouidebit,

298 2869 462 2954 redigam.
473 2868 531 2940 Ex
548 2867 657 2936 indice
675 2890 888 2956 eorumquae
904 2867 1032 2934 remoui
1048 2867 1164 2933 uidere
1178 2867 1258 2934 licet
1274 2867 1376 2935 certis
1391 2867 1587 2956 plerumque

299 2959 431 3042 uoculis.
449 2998 545 3045 nsum
569 2997 640 3042 esse
665 2981 698 3040 et
721 2976 917 3064 prosaicum·
936 2975 978 3041 ad
995 2975 1180 3040 orationem
1195 2982 1314 3062 poetae
1325 2996 1430 3062 qnam
1444 2975 1586 3039 maxime

299 3083 492 3149 concinnam
517 3081 572 3168 (cf.
597 3103 703 3169 pauca
727 3087 859 3147 tantum
882 3081 1034 3168 exempla
1067 3085 1130 3148 195
1147 3082 1270 3147 Nollem
1289 3081 1418 3163 factam
1449 3085 1516 3148 204
1532 3083 1587 3148 De

302 3193 436 3272 oraculo
459 3189 618 3264 sommium
641 3192 707 3255 244
723 3187 829 3254 Pudel
851 3188 959 3254 nobil?
983 3192 1044 3256 561
1065 3187 1202 3254 Factum
1219 3189 1372 3270 68000ιὸ0
1394 3189 1586 3272 despondit?

299 3296 370 3380 quis
392 3295 502 3361 dedii?
537 3297 601 3363 937
626 3287 735 3377 Aufer
771 3298 836 3363 696
860 3297 955 3361 duces
977 3316 1111 3361 uxorem
1142 3295 1201 3383 [sic
1225 3320 1245 3359 α
1269 3295 1341 3361 sine
1369 3296 1465 3376 hauc,
1499 3295 1588 3384 quod

300 3401 428 3468 addunt
461 3400 585 3489 reliqui
615 3401 709 3487 libri]
744 3404 811 3470 940
833 3403 951 3468 Dete
934 3403 1129 3486 elarpilm
1158 3404 1257 3488 puer)
1293 3401 1517 3489 ampliandam
1552 3408 1587 3466 et

297 3529 513 3588 recenserem,
555 3507 611 3596 qui
656 3530 773 3574 uersus
812 3509 1025 3589 restituebat,
1062 3510 1240 3597 praecipue
1284 3509 1326 3574 ad
1362 3504 1586 3596 synaloephas

296 3614 466 3688 uitandus
491 3614 622 3682 Prioris
647 3616 780 3700 generis
804 3621 892 3696 sunt,
916 3621 955 3680 ut
972 3639 1073 3680 unum
1089 3615 1274 3683 alterumue
1290 3614 1385 3680 modo
1401 3615 1585 3701 exemplum

298 3721 460 3803 adferam,
486 3741 584 3792 uoces
608 3723 650 3786 ab
670 3723 790 3804 aliquis
806 3722 980 3788 deriuatae
1004 3726 1046 3791 38
1074 3725 1137 3790 150
1160 3724 1225 3788 283
1250 3725 1315 3790 358
1340 3726 1406 3790 360
1430 3725 1496 3790 385
1520 3726 1583 3788 401

300 3832 366 3896 453
390 3832 455 3898 552
481 3833 545 3898 744
571 3831 635 3898 785
659 3832 724 3900 948
750 3832 826 3910 980,
850 3830 940 3895 bomo
964 3833 1028 3896 407
1054 3832 1121 3895 440
1150 3833 1216 3896 540
1251 3830 1321 3912 apis
1355 3826 1490 3917 (ubique
1514 3851 1587 3894 cum

298 3936 468 4023 scriptura
491 3936 590 4000 uaria
614 3937 676 4022 ais)
702 3939 746 4004 60
772 3938 834 4004 128
859 3939 925 4004 543
947 3938 1013 4003 556
1037 3938 1113 4017 570,
1136 3935 1335 4022 posterioris
1358 3941 1408 4020 sal
1431 3940 1507 4004 339·
1521 3939 1588 4004 360

298 4045 363 4110 526
388 4045 543 4113 834835
567 4046 642 4124 937,
683 4044 785 4120 hercle
803 4046 869 4110 190
892 4046 957 4109 247
982 4045 1047 4110 268
1072 4045 1137 4109 362
1161 4045 1227 4110 375
1250 4047 1316 4111 419
1340 4047 1407 4110 439
1430 4047 1497 4111 483
1521 4046 1582 4111 551

298 4152 361 4216 aar
399 4152 464 4217 aaa
500 4153 564 4217 eoa
601 4153 666 4218 ore
691 4153 766 4230 ora,
813 4134 990 4236 uniusque
1019 4149 1117 4213 uara
1151 4149 1348 4235 pronomina
1383 4171 1438 4232 eqo
1470 4154 1507 4214 a
1535 4150 1589 4214 ιιι

297 4257 359 4336 ille,
377 4277 484 4346 porro
501 4261 544 4322 est
569 4277 650 4336 esse„
666 4255 798 4337 similia,
824 4278 909 4343 quac
925 4255 1018 4320 facili
1035 4255 1170 4341 negotio
1193 4257 1265 4344 ipse
1281 4255 1460 4321 inueneris.
1485 4255 1587 4322 Haud

297 4384 376 4428 raro
397 4363 471 4428 'hae
502 4361 639 4428 uoculae
669 4363 805 4450 spuriae
838 4362 939 4428 etiam
969 4362 1005 4428 in
1034 4386 1101 4428 uno
1133 4362 1283 4429 alteroue
1313 4362 1425 4428 codice
1456 4362 1586 4442 desunt,

299 4469 386 4558 quod
402 4468 527 4534 additis
543 4469 659 4555 signis,
676 4468 731 4534 uel
746 4470 928 4535 uariantur
943 4469 1097 4550 inlibris,
1115 4470 1203 4558 quod
1219 4469 1334 4534 addito
1351 4469 1512 4535 asterisco
1528 4470 1587 4556 (²⁸²),

298 4576 353 4642 uel
376 4581 657 4664 transponuntur,
680 4577 767 4664 quod
785 4576 900 4641 addito
926 4582 1064 4641 accentu
1080 4579 1115 4661 (¹)
1131 4577 1257 4642 notaui.
1283 4575 1474 4642 Nonnullae
1490 4598 1588 4642 uoces
1621 4623 1623 4627 -

301 4682 342 4746 ab
368 4704 388 4746 a
411 4682 607 4769 incipientes
632 4706 672 4748 ex
696 4706 762 4748 non
785 4683 957 4749 intellecta
980 4704 1143 4770 personae
1166 4682 1247 4748 nota
1274 4686 1322 4769 (A
1347 4684 1401 4748 uel
1425 4684 1461 4767 Δ)
1493 4688 1589 4748 ortae
1649 4764 1655 4775 Ι
