3575 5442
841 377 1037 431 -12..

555 489 693 636 euru.
718 509 1001 616 susinum.
1043 532 1321 603 conrnune.

298 656 368 726 GE.
393 656 491 722 Nunc
515 655 598 721 illud
622 663 681 738 est,
707 678 812 744 quom,
837 656 1014 722 cenferant
1028 657 1066 721 'si
1090 659 1230 724 censilia
1253 680 1365 723 omnes
1389 657 1499 723 emnia
1528 727 1531 732 ,

297 769 410 851 Atque
435 765 510 829 huic
535 763 620 830 malo
644 764 785 829 saltitem
810 769 984 852 quaerant,
1010 764 1114 829 aexili
1137 765 1223 829 nihil
1247 763 1413 845 edfcrant,
1528 766 1581 819 300

297 870 391 951 Quod
417 873 559 958 oraeque
582 869 737 958 filiaeque
761 870 871 935 erilist
894 857 1050 958 mihique.
1074 892 1137 935 uae
1160 871 1282 936 misere
1306 871 1403 936 mihi:
1464 913 1469 924 ·

185 1009 188 1013 ·
297 978 362 1042 Tot
384 981 437 1042 res
460 984 599 1064 repente
623 977 886 1059 circumuallant,
912 978 999 1042 ende
1023 978 1149 1062 emergi
1172 981 1238 1042 nen
1261 983 1388 1063 potest:

299 1083 359 1147 Vis
385 1090 516 1168 egestas
539 1083 709 1148 iniustitia
732 1083 876 1148 selitudo
901 1083 1051 1148 insemia.

297 1191 424 1255 Hecine
448 1189 605 1255 saeclum!
632 1212 649 1255 o
674 1189 809 1270 scelera,
835 1214 852 1255 o
877 1212 1002 1275 genera
1025 1190 1200 1276 secrilega,
1226 1191 1426 1256 ohominem
1441 1191 1579 1278 inpium,

297 1297 364 1365 SO.
385 1297 442 1362 Me
466 1300 629 1374 miseram,
655 1297 734 1385 quid
750 1305 861 1362 namst
877 1298 965 1384 qued
981 1298 1028 1363 sic
1044 1298 1140 1363 uideo
1157 1297 1320 1378 timidum,
1345 1301 1580 1385 properantem

1154 1404 1298 1470 Getam?
1526 1406 1582 1458 305

299 1511 370 1582 GE.
395 1534 490 1599 quem
514 1513 620 1598 neque
642 1499 854 1598 fides'neque
871 1511 923 1576 ies
941 1511 1128 1591 iurandum,
1153 1514 1329 1598 quemnec
1352 1511 1580 1578 misericerdia

299 1618 475 1705 Repressit
497 1640 604 1706 neque
626 1617 759 1684 reflexit
783 1642 889 1706 neque
913 1619 1000 1705 quod
1023 1620 1142 1705 pertus
1165 1618 1317 1684 instabet
1339 1641 1454 1705 prope,

186 1760 195 1768 ·
299 1725 383 1806 Quoi
407 1728 547 1790 miserae
570 1714 706 1809 indigne
724 1725 898 1810 obtelerat·
916 1748 977 1811 per
999 1725 1068 1789 uim
1084 1725 1214 1790 uitium.
1240 1725 1306 1795 SO.
1330 1725 1406 1791 Non
1422 1725 1580 1810 intellego

297 1833 387 1898 Satis
412 1854 496 1920 quae
519 1831 678 1919 loquitur.
712 1831 786 1901 CA.
812 1833 956 1918 Prepius
981 1833 1115 1899 obsecro
1140 1834 1342 1914 eccedamus,
1368 1832 1534 1898 Sestrata.

299 1937 370 2009 GE.
394 1939 450 2004 Ah
475 1943 715 2019 miserumme,
740 1940 797 2004 uix
823 1940 925 2004 enimi
949 1963 1079 2026 compos
1104 1941 1204 2005 endec
1229 1940 1414 2005 iracimdia.
1528 1941 1580 1993 310

298 2046 395 2111 Nihil
418 2049 469 2112 est
493 2047 580 2133 quod
604 2045 716 2111 malim
740 2048 839 2134 quem
862 2046 944 2111 mihi
968 2047 1061 2111 illam
1085 2047 1248 2114 semiliam
1272 2047 1346 2112 dari
1371 2046 1519 2127 ebuiam,¹

298 2154 355 2232 Vt,
382 2153 558 2239 aegritudo
583 2153 694 2218 demst
716 2176 831 2218 recens
856 2154 946 2234 haec,
970 2156 1058 2219 iram
1081 2177 1209 2220 omnem
1232 2154 1267 2220 in
1292 2177 1346 2219 eos
1371 2155 1528 2218 euomam.

297 2260 447 2326 Habeem
471 2261 555 2326 satis
578 2261 659 2326 mihi
683 2260 848 2347 supplicii,
874 2261 951 2328 dum
974 2260 1049 2328 illos
1073 2262 1215 2326 ulciscer
1237 2261 1342 2326 modo.

300 2367 541 2453 Extinguerem
565 2368 636 2433 seni
662 2368 805 2432 enimam
829 2368 982 2454 primum,
1007 2368 1064 2456 qui
1087 2367 1171 2433 illud
1193 2368 1354 2454 produxit
1376 2365 1498 2432 scelus:

299 2475 398 2538 illem
421 2481 501 2554 tum,
526 2475 602 2556 uah,
629 2474 751 2561 Syrtim
775 2475 957 2540 lacerarem
982 2477 1101 2562 quibus
1124 2475 1328 2563 inpulsorem
1351 2474 1466 2539 modis.
1528 2474 1581 2528 315

299 2581 478 2647 Sublimem
490 2583 663 2668 abreptum
675 2582 710 2646 in
721 2586 978 2663 terrasruerem,
987 2587 1023 2647 ut
1029 2583 1164 2648 cerebro
1174 2582 1347 2668 disperget
1355 2581 1442 2644 uiam
1448 2581 1518 2647 316,
1529 2581 1581 2634 317

298 2669 473 2774 Eriperem
497 2688 606 2753 oculos
631 2689 844 2770 Adulescenti,
870 2692 947 2776 pest
969 2690 1050 2754 haec
1073 2689 1292 2776 praecipitem
1317 2689 1439 2753 darem.

300 2794 437 2867 Ceteros
460 2817 592 2861 ruerem
616 2797 748 2881 egerem
772 2817 927 2882 raperem
949 2796 1123 2862 tenderem
1146 2799 1404 2882 prosternerem.

300 2901 364 2966 Sed
387 2902 473 2967 malo
490 2925 582 2968 eram
598 2926 687 2970 cesso
703 2903 862 2990 impertiri
879 2903 1046 2989 prepare?
1083 2902 1148 2972 So.
1173 2903 1387 2968 Reuoccmirs
1414 2901 1511 2967 Geta.
1528 2902 1581 2956 320

299 3007 370 3078 GE.
395 3008 581 3096 Quisquis,
594 3009 675 3074 sine.
712 3009 778 3080 SO.
804 3009 883 3076 Sum
915 3009 1070 3075 Sestrata
1100 3032 1171 3094 ego.
1206 3007 1276 3077 GE.
1302 3008 1402 3073 Vbist
1427 3006 1488 3072 ea?
1511 3013 1581 3072 tete

225 3181 228 3186 .
1154 3115 1261 3200 ipsam
1285 3113 1446 3202 quaerito,

194 3215 203 3238 ‘
300 3202 449 3307 Expcto:
475 3221 596 3308 oppido
622 3225 807 3307 epportune
831 3226 866 3286 te
891 3221 1043 3286 ebtulisti
1067 3221 1112 3284 mi
1137 3219 1278 3300 ebuiam,

299 3310 380 3394 Era.
406 3327 471 3398 ΞΟ.
490 3327 577 3408 Quid
594 3328 669 3393 est?
693 3328 773 3415 quid
789 3328 970 3414 trepidas?
993 3328 1064 3398 GE.
1088 3328 1132 3393 Ei
1148 3328 1202 3394 mi
1227 3327 1298 3394 CA.
1324 3326 1413 3408 Quid
1429 3326 1580 3407 festinas,

1153 3437 1198 3498 mi
1222 3434 1335 3500 Geta?

300 3543 455 3608 Ammam
467 3565 586 3629 recipe
606 3542 676 3627 GE
689 3543 833 3606 Prersus
850 3541 916 3611 So.
929 3542 1040 3607 Istuc‘
1043 3544 1183 3628 prensus
1185 3541 1309 3626 'ergo‘l
1326 3540 1397 3610 GE.
1409 3538 1583 3627 periimus:

300 3634 464 3715 Actumst.
491 3647 557 3719 SO.
582 3649 757 3737 Eloquere,
784 3650 918 3714 ebsecro
943 3655 987 3729 te,
1012 3649 1091 3736 quid
1115 3649 1170 3713 sit.
1203 3648 1275 3717 GE.
1299 3648 1371 3712 Iam
1402 3646 1468 3718 SO.
1494 3647 1581 3728 Quid

1156 3754 1253 3836 ‘iem',
1280 3753 1391 3820 Geta?
1529 3755 1581 3808 325

299 3863 374 3933 GE.
400 3862 586 3927 Aeschinus
616 3862 682 3931 SO.
709 3861 797 3942 Quid
826 3863 879 3926 is‘?
912 3861 982 3932 GE.
1007 3862 1135 3927 alienus
1160 3865 1211 3926 est
1236 3860 1277 3924 ab
1301 3868 1418 3925 nostra
1441 3858 1581 3925 familia.

302 3970 368 4040 SO.
404 3971 490 4035 Hem
524 3969 626 4055 perii!
662 3991 727 4056 qua
762 3969 824 4034 re?
865 3967 937 4039 GE.
963 3968 1082 4055 Coepit
1117 3990 1229 4033 amare
1256 3968 1375 4033 valiam.
1416 3965 1485 4035 SO.
1512 3966 1583 4032 Vae

429 4151 448 4176 χ
1156 4075 1298 4140 miserae
1320 4074 1412 4139 mihi.

302 4184 373 4253 GE.
397 4183 514 4271 Neque
539 4184 573 4260 id
598 4183 723 4250 occulte
746 4183 825 4263 fert,
851 4184 893 4248 ab
917 4183 1034 4247 lenone
1058 4185 1150 4269 ipsus
1175 4183 1300 4268 eripuit
1322 4180 1443 4267 palam.

302 4291 370 4361 Sl).
395 4291 511 4357 Setina
528 4289 678 4356 certum?
704 4290 777 4359 GE.
803 4289 953 4356 Certum:
978 4289 1030 4354 his
1047 4288 1150 4353 oculis
1167 4292 1295 4374 egomet
1310 4287 1392 4367 uidi,
1417 4286 1582 4352 Sestrata.

304 4398 370 4468 Sl).
411 4397 568 4462 Miseram
603 4397 669 4463 mel
711 4398 790 4485 quid
826 4396 965 4462 credas?
1005 4401 1064 4460 aut
1104 4396 1181 4483 quoi
1216 4394 1355 4460 credas?
1393 4399 1586 4459 nostrumne

1156 4501 1383 4567 Aeschinum?
1531 4500 1585 4554 330

220 4600 223 4606 ’
302 4612 461 4676 Nestram
484 4611 599 4692 uitam,
624 4615 700 4698 spes
725 4633 867 4698 opesque
891 4613 1027 4676 nestrae
1052 4632 1161 4675 omncs
1184 4611 1219 4674 in
1244 4611 1308 4696 que
1332 4607 1443 4673 sitae?

303 4716 368 4797 Qui
392 4718 462 4782 sine
486 4719 548 4783 hac
571 4719 708 4784 iurabat
732 4742 833 4783 unum
856 4721 1034 4804 ninnquam
1058 4717 1225 4782 uicturum
1250 4715 1359 4781 diem?
