3575 5442
865 301 1131 392 -mss

321 488 499 576 Capitalia.
523 479 587 559 Ml.
613 489 685 556 Ohe
708 491 784 555 iam.
810 490 882 560 DE.
909 491 1027 557 Nescis
1052 483 1108 579 qui
1132 493 1187 557 uir
1207 495 1264 561 sit.
1288 494 1455 563 1118111.

195 673 196 676 Ἴ
317 595 393 665 DE.
420 595 447 662 O
472 597 585 678 stulte,
610 603 649 662 tu
673 597 712 663 de
736 598 881 683 psaltria
906 620 1006 683 agere
1030 599 1191 665 sumnias:

318 703 359 768 Iu
382 703 548 788 uirginem
570 704 775 790 peccatumst
797 704 859 769 hoc
883 705 997 770 ciuem.
1021 706 1085 775 Ml.
1111 707 1195 772 Scio.
1549 730 1600 784 795

320 809 392 878 Dll.
418 807 502 888 Ohn,
525 813 588 874 scis
613 815 647 875 et
669 811 809 897 patere?
834 811 898 881 1111.
925 811 1013 904 Quid
1036 813 1072 876 ni
1095 806 1232 898 patiar?
1256 814 1330 883 Dll.
1355 816 1418 881 Dic
1441 817 1532 899 mihi,

317 915 395 982 uon
418 916 561 982 cremas?
585 940 651 982 non
673 899 823 982 insensa
847 919 911 989 111.
936 918 1026 985 Non:
1051 920 1164 985 maun
1189 913 1330 1011 quidem.

316 1019 390 1091 DIl.
415 1023 526 1088 Natus
551 1046 642 1112 puer.
667 1023 732 1093 Ml.
757 1025 848 1091 Bene
872 1028 1011 1092 udrtant
1034 1028 1078 1092 di.
1103 1028 1176 1097 Dll.
1201 1027 1260 1094 Nil
1282 1032 1380 1115 uirgo
1405 1023 1516 1097 habet.¹

311 1129 381 1199 llll.
407 1131 544 1195 Audiui.
570 1131 644 1201 DE.
669 1131 829 1198 Ducenda
852 1132 1018 1198 indotata.
1042 1134 1107 1203 llll.
1133 1134 1277 1201 Scilicet.
1413 1127 1415 1131 ’

318 1235 390 1306 ΒΕ.
417 1235 505 1317 Quid
529 1241 617 1303 nunc
640 1238 846 1305 futurumst?
871 1239 937 1319 Ml.
962 1223 1001 1307 I'd
1027 1241 1113 1307 enim
1130 1242 1217 1330 quod
1241 1263 1294 1306 res
1318 1246 1392 1331 ipsa
1416 1243 1499 1310 fert:
1546 1247 1600 1300 730

316 1342 414 1410 Illinc
438 1345 500 1410 huc
524 1344 754 1412 transferetur
776 1346 883 1432 uirgo.
909 1349 982 1416 Dll.
1009 1347 1036 1412 Ο
1061 1350 1225 1436 Iuppiter,

317 1449 406 1516 Istuc
431 1457 564 1538 oportet
586 1441 707 1539 pacto?
732 1453 796 1522 llll.
821 1447 911 1534 Quid
934 1455 1057 1520 faciam
1081 1457 1244 1543 amplius?
1284 1470 1287 1473 ’

317 1559 390 1627 Dll.
417 1559 505 1639 Quid
528 1559 655 1624 facias?
679 1559 766 1625 istuc
789 1563 817 1626 si
841 1585 908 1626 non
930 1562 1006 1648 ipsa
1028 1566 1066 1628 re
1090 1564 1189 1645 dolet,

317 1665 482 1733 Simulare
505 1656 596 1732 certe
620 1674 672 1733 est
694 1667 847 1733 huminis.
872 1668 938 1738 Ml.
964 1669 1053 1749 Quin
1076 1662 1144 1736 iam
1165 1671 1333 1757 'uirginem

316 1773 501 1860 Despdndi:
526 1796 580 1838 res
604 1775 804 1862 compusita:
821 1775 916 1846 ,fiunt
938 1777 1093 1863 nuptiae:
1544 1778 1596 1832 735

316 1880 453 1968 Dempsi
476 1887 601 1946 metum
625 1903 765 1947 omnem:
790 1884 870 1947 sunt
893 1884 975 1948 haec
998 1873 1152 1950 hominis.
1177 1885 1249 1955 Dll.
1275 1885 1431 1950 Ceterum

315 1987 433 2055 Placet
455 1987 520 2054 tibi
543 1987 679 2068 factum,
704 1988 825 2054 Micio?
849 1990 911 2059 Ml.
936 1991 1023 2072 Ncn,
1042 1994 1077 2056 si
1101 2013 1219 2080 queam

316 2095 463 2161 Mutare:
488 2117 575 2160 nunc
599 2118 695 2182 quom
718 2097 785 2160 nun
810 2120 903 2183 queo,
928 2097 1037 2163 animo
1062 2100 1168 2187 aequd
1192 2098 1275 2164 fero.

314 2201 370 2267 lta
393 2204 502 2271 uitast
524 2202 702 2283 hominum,
728 2204 824 2290 quusi
849 2228 946 2291 quom
969 2204 1066 2270 ludas
1089 2207 1237 2286 tesseris

315 2308 352 2374 Si
375 2311 525 2376 maxume
550 2310 636 2398 quod
661 2311 743 2396 dpus
760 2289 819 2376 'est
840 2311 934 2376 iactu
957 2314 1023 2377 ndu
1047 2311 1146 2393 cadit,

316 2417 364 2482 Vt
387 2417 421 2482 id
447 2418 533 2505 quod
557 2406 646 2483 forte
669 2417 790 2483 cecidit
825 2423 900 2485 arte
922 2419 1083 2504 currigas.

315 2521 386 2592 DE.
411 2524 494 2606 Tua,
519 2515 696 2606 corrector,
722 2525 795 2590 urtc
818 2525 945 2610 uiginti
968 2527 1078 2592 minae

313 2632 380 2697 Pro
404 2632 548 2720 psaltria
571 2633 715 2718 periere:
742 2654 826 2719 quac
850 2635 1013 2720 quantum
1035 2639 1148 2720 potest

312 2739 378 2805 Est
401 2738 589 2819 ubiciunda,
614 2742 644 2803 si
667 2762 733 2804 ncn
757 2738 887 2826 pretim.
901 2739 1035 2824 gratiis.

312 2846 517 2934 MLNeque
543 2841 594 2911 cst
617 2869 723 2934 neque
744 2836 840 2911 illam
864 2849 944 2913 sune
968 2847 1085 2913 studeo
1108 2848 1264 2913 uendere.
1525 2847 1593 2901 ’745

313 2954 386 3022 DE.
412 2953 500 3034 Quid
522 2953 632 3039 igitur
651 2953 778 3020 facies?
803 2953 867 3023 Ml.
892 2955 992 3019 Dumi
1015 2955 1091 3020 erit.
1116 2947 1190 3025 DE.
1215 2955 1282 3020 Pro
1307 2954 1418 3020 diuum
1441 2954 1548 3034 fidem,

312 3060 474 3126 Meretrix
499 3067 533 3126 ct
556 3065 665 3126 mater
688 3060 835 3126 familias
859 3063 926 3126 11111
951 3062 1066 3126 domo?

312 3167 374 3237 Ml.
392 3167 483 3247 Quor
499 3168 586 3234 nun?
611 3169 685 3236 llll.
702 3167 749 3233 Te
773 3167 880 3232 credis
905 3172 976 3233 usse
999 3170 1137 3234 sanum?
1160 3167 1224 3240 Ml.
1241 3169 1405 3258 Equidem
1428 3169 1588 3234 arbitror.

311 3276 384 3345 DE.
409 3275 585 3363 ineptiam,
609 3275 660 3341 ita
683 3299 733 3340 me
758 3275 806 3340 dii
830 3281 951 3357 ament,
975 3282 1015 3342 ut
1037 3276 1135 3342 uideu
1159 3283 1265 3342 tuam:
1410 3269 1414 3274 ⁴
1585 3273 1587 3277 ’

311 3383 494 3448 Facturum
516 3382 623 3463 credo,
649 3390 688 3448 ut
711 3384 835 3449 habeas
860 3385 990 3471 quicum
1014 3383 1168 3450 cantites.
1540 3383 1593 3438 750

216 3573 219 3578 ⁴
310 3490 374 3558 Ml.
401 3489 493 3569 Quor
516 3491 603 3556 nun?
628 3488 702 3560 DE.
728 3491 827 3557 Noua
850 3497 957 3577 nupta
981 3492 1085 3556 discet
1108 3492 1232 3556 eadem.
1257 3490 1322 3560 Ml.
1348 3491 1491 3557 Scilicet.

310 3597 385 3666 DE.
409 3598 506 3663 Inter
529 3619 584 3662 eas
608 3597 725 3664 restim
750 3599 890 3663 ductans
915 3598 1067 3663 saltabis.
1092 3598 1157 3669 Ml.
1182 3595 1302 3663 P'rcbe.

308 3705 379 3774 Dll.
405 3703 538 3772 Probe?
562 3706 626 3774 Ml.
651 3685 699 3770 E't
722 3704 891 3770 nobiscum
916 3707 956 3770 tu
979 3705 1008 3770 si
1032 3705 1078 3770 sit
1102 3727 1193 3792 opus,
1217 3704 1290 3772 DE.
1314 3705 1359 3770 Ei
1381 3705 1473 3769 mihi.

308 3813 385 3878 Non
409 3814 492 3878 haec
516 3813 663 3901 pudent?
687 3812 752 3880 llll.
776 3811 850 3877 lam
872 3815 955 3878 uero
979 3812 1084 3892 mitte,
1110 3811 1245 3892 Demea,

311 3919 416 3984 Tuam
439 3923 548 3984 istanc
571 3919 780 3984 iracundiam
806 3925 906 4006 atque
930 3920 980 3984 ita
1004 3922 1056 3984 uti
1080 3919 1174 3984 decet
1538 3918 1592 3972 755

309 4015 471 4092 Hilarum
487 4026 655 4092 lubentem
678 4026 733 4091 111
755 4033 790 4091 11
813 4027 910 4111 gnati
934 4026 1074 4112 nuptiis.

308 4133 382 4220 Ego
406 4134 466 4198 hus
491 4134 697 4198 conueniam:
722 4136 799 4220 pust
822 4134 886 4198 huc
909 4133 1018 4199 reden.
1048 4173 1083 4182 -
1111 4133 1185 4202 DE.
1212 4133 1239 4198 Ο
1263 4133 1430 4220 luppiter,

308 4241 460 4307 Hancine
484 4241 603 4306 uitam!
628 4241 725 4306 hosce
749 4239 870 4306 mures!
897 4240 981 4304 hanc
1006 4240 1218 4305 dementiam!
1357 4232 1361 4235 ’

307 4347 402 4412 der
424 4348 496 4413 sine
521 4348 597 4413 dcte
621 4348 748 4414 ueniet:
772 4348 865 4412 intus
889 4346 1034 4433 psaltria

307 4454 371 4521 Est
395 4456 598 4544 sumptuosa,
624 4455 816 4520 adulescens
840 4455 921 4522 luxu
945 4454 1108 4541 perditus,
1169 4495 1173 4502 -

308 4563 416 4628 Senex
440 4562 596 4627 delirans.
622 4566 696 4649 ipsa
720 4562 748 4625 si
774 4561 888 4648 cupiat
913 4561 1021 4642 Salus,

306 4669 449 4736 Seruure
473 4691 611 4756 prorsus
627 4671 700 4734 'nun
724 4674 836 4754 potest
860 4668 946 4732 hanc
970 4667 1143 4735 familiam.
1226 4723 1228 4727 ,
