3575 5442
872 427 1074 483 —Vl-

324 583 430 648 habeo
463 603 558 671 quae
576 584 804 671 respondeam.
848 584 940 649 Ex
931 583 1057 669 msigni
1091 584 1162 650 loco
1193 585 1405 651 Phormionis
1440 590 1506 653 239
1536 609 1607 674 sqq.

325 711 444 779 quem
460 690 495 755 in
530 691 712 812 appendice
752 690 858 758 uariis
894 690 1060 756 coloribus
1096 697 1280 788 tractatum
1320 692 1469 780 adposui,
1509 692 1608 759 facile

324 795 628 900 intellegendum
618 817 685 862 1am
717 796 918 877 Ciceronem,
954 819 975 861 a
1005 819 1069 885 quo
1100 777 1278 866 241-246
1313 798 1506 878 laudantur,
1542 821 1608 866 non

323 905 534 992 cognouisse
553 904 733 990 genuinam
769 905 1050 970 Terentianarum
1085 902 1328 970 comoediarum
1363 905 1522 988 formam,
1550 907 1607 973 sed

323 1031 397 1080 eam
429 1032 513 1100 quae
544 1033 583 1078 ex
614 1033 714 1098 prosa
739 1013 890 1078 oratione
920 1011 1082 1077 restituta
1114 1008 1190 1076 erat
1223 1013 1446 1078 recensionem
1476 1014 1540 1095 uel,
1570 1019 1610 1078 ut

324 1118 513 1188 accuratius
545 1118 661 1199 dicam,
698 1119 768 1184 eius
798 1117 932 1204 generis
970 1141 1070 1184 unam
1099 1119 1343 1185 recensionem:
1380 1118 1497 1185 differt
1519 1119 1606 1186 enim

261 1215 264 1221 ’
325 1225 465 1294 duorum
494 1246 650 1292 uersuum
682 1225 852 1314 scriptura
876 1247 960 1314 quae
984 1224 1140 1291 inlibris
1164 1226 1289 1291 uostris
1313 1225 1486 1292 inuenitur
1510 1249 1608 1315 quam

325 1327 466 1401 maxime
497 1355 516 1397 a
547 1339 644 1401 textu
669 1331 838 1402 Ciceronis
867 1339 1011 1420 suntque
1035 1333 1098 1397 hae
1122 1332 1308 1418 uarietates
1331 1333 1417 1398 tales
1440 1338 1479 1398 ut
1502 1356 1608 1422 neque

325 1437 440 1507 Cicero
469 1461 574 1528 neque
604 1439 694 1520 libri,
724 1439 781 1532 qui
812 1439 914 1504 etiam
938 1439 1028 1504 inter
1052 1461 1088 1504 se
1114 1439 1181 1526 ipsi
1212 1440 1414 1528 discrepant,
1445 1440 1607 1526 pristinos

325 1546 473 1614 Terent'
435 1552 476 1614 tn
507 1568 624 1612 uersus
655 1546 851 1612 exhibeant:
885 1547 983 1612 immo
1006 1552 1149 1634 utroque
1173 1551 1259 1612 teste
1283 1547 1442 1612 utendum
1465 1547 1607 1635 utquid

326 1673 405 1728 uere
429 1653 603 1740 scripserit
626 1658 726 1741 poeta
749 1653 901 1742 patefiat.

431 1759 524 1841 Quae
552 1761 606 1826 uel
605 1757 839 1847 displicent
830 1784 865 1825 ιιι
890 1760 952 1826 hac
975 1765 1073 1848 parte
1098 1760 1152 1826 uel
1175 1759 1305 1827 omnino
1330 1766 1499 1899 nequeunt
1521 1761 1606 1826 ferri

323 1867 404 1935 haec
428 1873 515 1936 sunt.

429 1975 482 2042 Ex
508 1975 635 2042 duobus
663 1968 767 2040 cecum
799 1976 932 2062 (242,
903 1981 938 2040 et
960 1935 1046 2060 243)θ
1069 1999 1135 2041 non
1163 1975 1229 2040 nisi
1257 1975 1400 2041 alterum
1428 1976 1607 2062 genuinum

323 2101 487 2150 censeam:
522 2087 574 2152 est
604 2087 703 2170 poeta
734 2088 803 2148 tam
834 2082 969 2168 elegans
1003 2082 1180 2149 Terentius
1216 2083 1273 2180 qui
1303 2082 1391 2148 uitet
1425 2081 1607 2148 eiusmodi

323 2188 558 2278 repetitiones;
591 2188 807 2256 confirmatur
837 2189 920 2254 haec
944 2188 1066 2276 opinio,
1098 2212 1171 2254 cum
1194 2189 1283 2276 apud
1307 2189 1476 2257 Donatum
1499 2189 1607 2256 altero

323 2294 395 2360 loco
428 2295 509 2360 haec
543 2294 681 2371 uocula'
698 2294 793 2361 desit.
832 2295 960 2380 Contra
994 2319 1060 2362 non
1095 2296 1244 2362 eicienda
1274 2319 1338 2362 uox
1370 2296 1473 2362 cordio
1497 2297 1606 2381 (243);

303 2401 468 2488 'proximi
491 2403 702 2469 uersus'tria
725 2403 874 2479 membra
889 2403 1142 2486 peccacatum,
1166 2404 1281 2469 unua
1301 2408 1441 2483 moriem
1466 2404 1607 2469 morbum

320 2509 411 2590 filiae
435 2509 554 2577 docent
575 2511 728 2576 lacunam
758 2510 854 2576 hiare
877 2510 914 2577 in
938 2500 1108 2576 Ciceronis
1136 2516 1242 2576 textu.
1279 2509 1435 2577 Ceterum
1464 2510 1607 2600 primum

323 2621 455 2684 tantum
480 2622 536 2683 cut
559 2638 676 2682 uersus
692 2621 758 2686 244
773 2617 954 2702 genuinum
978 2623 1038 2698 est,
1063 2617 1207 2683 alterum
1223 2617 1428 2706 tertiumque
1441 2617 1606 2705 spurium3

324 2745 402 2790 nam
416 2746 471 2790 res
486 2724 604 2810 plana:
629 2747 707 2808 suos
723 2725 840 2814 cuique
865 2730 935 2790 aut
956 2707 1220 2812 propinquorum
1236 2746 1332 2790 casus
1349 2724 1606 2791 extimescendos

322 2851 463 2918 peregre
492 2831 648 2898 redeunti
679 2831 761 2899 dicit
789 2837 907 2919 poeta;
942 2831 1057 2919 itaque
1091 2831 1235 2921 primum
1265 2831 1349 2897 illud
1380 2837 1437 2898 out
1465 2831 1607 2920 duplicis

322 2937 456 3022 generis
492 2939 584 3004 trina
619 2939 770 3028 exempla
804 2938 894 3006 inter
925 2962 961 3005 se
994 2921 1168 3024 coniungit
1203 2943 1302 3027 (quae
1333 2938 1386 3004 uis
1420 2938 1607 3026 particulae

324 3051 482 3133 sequente
507 3045 615 3112 altera
633 3052 667 3112 et
681 3045 787 3113 tertia
812 3045 1033 3127 obfuscatum:
1059 3045 1210 3133 exempla
1233 3046 1310 3132 ipsa
1323 3051 1413 3111 certe
1428 3047 1606 3134 utrobique

323 3151 489 3217 ασυνδὲτωσ
536 3152 748 3218 enumerauit
786 3151 1052 3232 Terentinam
1097 3153 1184 3240 quod
1223 3152 1323 3218 facile
1360 3136 1606 3246 adaequandum

324 3258 498 3344 scribendo
519 3259 599 3341 filit,
623 3266 761 3347 praeter
784 3279 882 3347 quam
905 3258 1091 3324 litterulam
1115 3281 1136 3324 a
1159 3281 1210 3326 me
1233 3259 1299 3325 toti
1321 3259 1398 3324 huic
1414 3259 1506 3346 parti
1522 3258 1607 3324 nihil

324 3365 475 3432 additum
499 3366 655 3432 lectorem
678 3365 871 3432 monuerim.

429 3473 541 3560 Lepon
564 3473 663 3539 huius
679 3472 768 3539 looi'
759 3496 787 3537 rs
801 3478 852 3539 est
867 3478 907 3538 ut
922 3495 1040 3539 seruus
1055 3479 1190 3561 repetat
1211 3473 1300 3540 senis
1322 3473 1463 3556 uerba,
1454 3472 1606 3560 mprimis

323 3580 500 3661 clausulae,
518 3580 626 3670 iisque
641 3601 703 3668 pro
719 3601 781 3644 sua
797 3578 988 3644 condicione
1004 3578 1125 3645 utatur
1138 3604 1204 3645 non
1216 3580 1355 3646 mutatis
1367 3581 1434 3645 nisi
1446 3587 1605 3668 quantum

322 3687 526 3754 constructio
548 3687 768 3774 grammatica
783 3686 946 3783 requirat.
957 3686 1161 3775 eMirandum
1177 3687 1285 3772 igitur
1301 3691 1365 3754 246
1381 3687 1449 3772 legi
1465 3688 1605 3768 maniat,
1665 3763 1668 3770 1

322 3798 386 3862 251
412 3795 546 3876 eueniet,
578 3817 656 3860 cum
681 3815 819 3881 prorsus
847 3793 941 3858 nulla
968 3815 1069 3859 causa
1091 3794 1293 3868 uariationis
1317 3801 1497 3882 appareat:
1529 3815 1606 3860 nam

322 3901 410 3990 quod
441 3901 676 3970 reccheoet
707 3902 840 3981 ecccoict,
873 3904 936 3968 251
962 3901 1006 3988 Ε2
1038 3902 1178 3982 eueniat,
1211 3901 1247 3966 id
1276 3901 1363 3967 nihil
1390 3903 1513 3989 probat
1539 3901 1606 3968 nisi

323 4031 364 4074 ne
377 4009 583 4075 'Bembinum
619 4008 751 4096 quidem
786 4007 930 4073 codicem
965 4030 985 4073 a
1020 4007 1222 4074 uoluntariis
1258 4008 1500 4074 mutationibus
1535 4031 1605 4075 esse

322 4115 473 4180 liberum.
510 4116 694 4182 Praeterea
730 4115 899 4201 discrepat
929 4115 965 4179 in
995 4115 1162 4181 codicibus
1194 4116 1406 4182 Terentianis
1437 4116 1605 4204 scriptura
1690 4145 1696 4147 >

322 4239 479 4288 uersuum
510 4227 575 4292 245
611 4223 721 4289 auimo
751 4229 807 4291 stt
835 4243 955 4288 nouom
990 4228 1024 4288 et
1054 4227 1120 4290 250
1151 4229 1309 4292 accidet
1340 4226 1449 4290 outae
1473 4243 1605 4288 nouom:

323 4331 496 4416 putaueris
520 4331 676 4396 standum
702 4354 722 4396 a
739 4330 911 4396 Ciceronis
933 4329 1104 4418 scriptura
1121 4319 1206 4418 cinae
1222 4336 1365 4420 utroque
1380 4332 1451 4397 loco
1468 4330 1606 4396 ue'rbum

323 4439 490 4502 occidendi
513 4437 648 4504 exhibet
672 4445 707 4504 et
730 4439 867 4524 insuper
887 4443 1045 4522 Jcorum
1066 4441 1264 4521 umquam,
1298 4461 1382 4528 quae
1414 4439 1487 4521 duo
1501 4437 1606 4503 uerba

322 4544 468 4628 genuina
496 4566 566 4610 esse
594 4549 802 4614 uersus-250
827 4543 1021 4609 documento
1049 4550 1101 4610 est
1128 4544 1185 4633 qui
1213 4546 1313 4611 offert
1339 4552 1493 4614 horum
1519 4545 1604 4627 quic·

323 4665 469 4734 Quam:
486 4651 551 4720 Sed
574 4651 677 4720 falso:
702 4668 778 4719 nam
801 4651 836 4716 id
860 4650 979 4737 ipsum,
1004 4652 1091 4739 quod
1115 4656 1180 4720 245
1198 4653 1314 4720 Cicero
1338 4658 1372 4719 et
1394 4652 1474 4718 libri
1497 4651 1605 4718 nostri

325 4749 459 4824 uarient
482 4761 606 4826 occidat
629 4767 663 4826 et
686 4761 735 4841 n’t,
760 4757 980 4826 certissimum
1004 4759 1163 4826 indicium
1187 4766 1246 4842 est,
1272 4761 1314 4825 ab
1336 4759 1433 4827 initio
1449 4765 1604 4826 neutrum
