3575 5442
715 361 934 423 '-25-

654 521 1026 594 suavssumam
1054 482 1060 491 ’

195 664 266 735 SY.
291 665 430 752 Edepdl,
456 663 599 751 Syrisce,
623 666 658 729 te
683 663 811 730 curasti
834 663 980 730 mdlliter

183 770 371 862 ⁴Lautdque
394 793 513 836 munus
537 769 784 836 administrasti
807 775 910 835 tuom.

195 869 260 944 sed
284 879 428 944 dmnium
451 882 628 966 postquam
650 880 742 943 intus
766 900 878 944 rerum
902 879 975 943 sdm
999 883 1104 958 satur,

193 984 477 1050 Prodeambulare
499 983 620 1050 hibuit.
645 983 718 1053 DE.
742 984 831 1050 Illud
856 987 902 1050 sis
925 985 1003 1051 uide

194 1091 392 1178 Exemplum
416 1090 620 1180 disciplinae.
661 1087 734 1163 SY.
758 1091 883 1157 Noster
908 1094 980 1157 ecce
1004 1091 1101 1158 adest

194 1198 312 1264 Senex.
337 1199 416 1286 quid
440 1197 501 1265 fit?
525 1198 605 1287 quid
629 1201 663 1264 es
687 1203 724 1263 tu
751 1198 885 1264 tristis?
922 1197 995 1267 DE.
1019 1183 1070 1263 Oh
1094 1198 1210 1265 scelus

192 1304 261 1374 SY.
287 1304 358 1372 Ohe
382 1305 464 1373 iam:
489 1310 528 1373 tu
552 1306 656 1371 uerba
679 1305 793 1371 fundis
817 1305 870 1371 hic
894 1305 1086 1392 sapientia?

192 1411 263 1480 DE.
288 1412 340 1477 Tu
363 1415 393 1478 si
416 1435 507 1479 meus
532 1434 619 1478 esses
646 1461 653 1478 .
679 1461 686 1477 .
711 1412 781 1482 SY.
806 1412 867 1478 Dis
892 1411 1025 1501 quidem
1049 1400 1148 1497 essee,
1174 1412 1306 1495 Demea,
1422 1413 1475 1467 770

192 1518 298 1584 Tuam
321 1541 391 1585 rem
414 1521 672 1586 constabilisses.
709 1519 782 1588 llll.
806 1519 908 1585 Esses
933 1519 1084 1584 dmnibus

191 1623 356 1690 Curarum
381 1625 574 1714 exemplum.
611 1625 680 1698 SY.
707 1625 757 1690 Ob
782 1627 880 1714 quam
904 1626 998 1691 rem?
1023 1626 1102 1714 quid
1126 1626 1214 1691 feci?
1239 1627 1312 1696 DE.
1336 1626 1473 1713 Regae?

190 1731 231 1797 ln
254 1735 328 1819 ipsa
352 1733 454 1798 turba
476 1736 676 1821 peccatoque
699 1735 860 1813 maxumo,

191 1836 287 1917 Quod
310 1841 368 1905 uix
391 1840 544 1906 sedatum
566 1841 651 1906 satis
675 1845 735 1921 est,
760 1829 898 1927 potasti,
922 1840 1039 1920 scelus,

127 1969 130 1974 ·
190 1943 296 2026 Quasi
319 1949 356 2011 re
381 1947 463 2012 bene
485 1952 591 2032 gesta.
617 1946 687 2016 SY.
713 1946 799 2014 Sane
823 1947 944 2013 nollem
966 1948 1030 2013 huc
1054 1948 1190 2014 exitum.
1422 1949 1473 2002 775

535 2158 712 2231 DROMO.
751 2158 917 2231 SYRUS.
955 2158 1130 2231 DlllllllA.

190 2301 266 2372 DR.
291 2301 384 2369 Heus
409 2301 505 2390 Syre,
529 2309 630 2389 regat
653 2310 687 2369 tc
712 2301 870 2390 Ctesipho
893 2303 1022 2369 redeas.
1060 2302 1130 2372 SY.
1146 2302 1234 2405 sAbi.

188 2409 262 2478 ΒΕ.
290 2409 379 2490 Quid
404 2409 640 2498 Ctesiphonem
662 2412 783 2476 narrat
806 2410 883 2476 hic?
920 2410 989 2480 SY.
1014 2410 1084 2476 Nil.
1109 2408 1181 2479 DE.
1208 2408 1386 2514 Cardufex,

189 2517 254 2582 Est
278 2516 438 2605 Ctesipho
461 2516 578 2582 intus?
613 2515 683 2586 SY.
708 2517 784 2583 Nan
809 2523 869 2582 est.
907 2516 980 2587 DE.
1006 2516 1099 2597 Quor
1122 2517 1176 2582 hic
1199 2515 1371 2581 ndminatl

188 2622 258 2693 SY.
282 2625 348 2691 Est
372 2623 458 2691 cilius
482 2625 625 2713 quidam,
650 2624 876 2710 parasitaster
899 2623 1075 2711 paululus:

187 2729 335 2798 Nostin?
350 2733 423 2801 DE.
437 2732 510 2797 Iam
521 2731 621 2797 scibo.
636 2730 705 2801 SY.
721 2730 809 2811 Quid
822 2730 921 2817 agis?
935 2753 998 2820 quo
1012 2730 1109 2796 abis?
1127 2731 1202 2800 Dll.
1216 2733 1315 2798 Mitte
1331 2754 1391 2798 me.
1420 2732 1473 2786 780

188 2836 258 2908 SY.
283 2838 362 2905 Noli
385 2842 530 2928 inquam.
568 2837 642 2906 DE.
666 2838 743 2903 Non
767 2860 900 2903 manum
924 2837 1083 2918 abstines
1109 2839 1291 2925 mastigia?

188 2944 246 3008 An
268 2943 333 3009 tibi
355 2944 549 3035 dispergam
572 2944 744 3009 cerebrum
767 2945 874 3009 mauis
898 2944 976 3010 hic?
1013 2943 1083 3014 SY.
1109 2945 1203 3011 Abit.

187 3049 476 3117 Commissatcrcm
499 3051 579 3116 stne
602 3050 693 3115 haud
716 3051 832 3139 edepol
855 3051 1067 3132 cdmmcdum,

186 3156 394 3224 Praesertim
419 3157 624 3245 Ctesiphdni.
649 3157 729 3245 quid
753 3180 814 3243 ego
838 3160 926 3224 minc
950 3158 1073 3245 agam?

187 3264 273 3346 Nisi,
298 3265 458 3330 silescunt
482 3265 546 3330 hae
570 3265 648 3329 dum
672 3265 803 3345 turbae,
827 3266 862 3330 in
886 3266 1048 3351 angulum
1211 3254 1215 3261 ¹

187 3371 326 3452 Abeam,
351 3373 468 3438 hdcc'uc
492 3372 707 3438 edormiscam
731 3371 815 3437 uilli.
840 3375 888 3438 sic
913 3394 1021 3458 agam.
1089 3359 1092 3365 ’

659 3587 811 3658 ululo,
828 3587 1006 3657 DlllllllA.
1134 3638 1138 3646 .

185 3731 250 3800 Ml.
274 3731 403 3797 Parata
426 3730 522 3796 nobis
545 3733 635 3811 sunt,
660 3737 699 3796 ut
723 3730 803 3811 dixi,
829 3729 995 3811 Sdstrata,

185 3839 254 3906 Vbi
276 3839 338 3904 uis.
363 3839 437 3927 quis
461 3860 538 3904 nam
561 3837 692 3925 pepulit
715 3844 785 3902 tam
808 3837 965 3922 grauiter
987 3836 1095 3903 foris?

184 3944 256 4013 ΒΕ.
281 3945 325 4011 Ei
348 3945 439 4027 mihi,
465 3946 544 4035 quid
567 3945 712 4010 faciam?
737 3945 817 4033 quid
840 3944 963 4032 agam?
989 3945 1069 4032 quid
1093 3945 1231 4010 clamem
1256 3942 1400 4032 querar?

186 4051 214 4118 O
239 4052 375 4134 caelum,
399 4059 503 4133 terra,
527 4052 635 4118 maria
659 4051 819 4139 Neptuni.
858 4052 923 4120 ΜΙ.
946 4031 1011 4116 Em
1034 4052 1108 4132 tibi,
1417 4054 1470 4106 790

183 4160 335 4226 Resciuit
359 4183 485 4226 omnem
508 4162 594 4225 rem:
619 4183 706 4224 nunc
729 4160 861 4239 clamat,
884 4159 994 4224 ilicet:

183 4267 331 4334 Paratae
353 4268 451 4334 lites:
476 4268 777 4334 sdccurrendumst.
813 4267 885 4334 ΒΕ.
911 4247 1033 4331 Eccum
1057 4266 1153 4332 adest

185 4373 374 4440 Communis
398 4375 591 4465 corruptela
614 4381 763 4440 nostrum
788 4374 940 4439 liberum.

183 4479 248 4551 Ml.
272 4481 430 4569 Reprime
451 4481 661 4548 iracundiam
684 4483 785 4570 atque
810 4481 852 4546 ad
876 4487 910 4546 te
934 4481 1070 4546 tandem
1093 4479 1175 4545 redi.

185 4588 258 4657 DE.
282 4588 453 4676 Reprdssi,
477 4589 573 4670 redii,
598 4593 694 4654 mitto
718 4588 896 4654 maledicta
920 4588 1046 4653 dmnia:
1417 4588 1468 4640 795

185 4695 298 4782 Ipsam
319 4702 475 4784 putemus
497 4699 578 4762 rem.
603 4696 726 4761 dictum
750 4695 839 4762 inter
862 4697 923 4760 nds
946 4694 1012 4760 fuit
