<?xml version="1.0" encoding="UTF-8"?>
<!DOCTYPE html PUBLIC "-//W3C//DTD XHTML 1.0 Transitional//EN"
    "http://www.w3.org/TR/xhtml1/DTD/xhtml1-transitional.dtd">
<html xmlns="http://www.w3.org/1999/xhtml" xml:lang="en" lang="en">
 <head>
  <title>
</title>
<meta http-equiv="Content-Type" content="text/html;charset=utf-8" />
  <meta name='ocr-system' content='tesseract 3.04.00' />
  <meta name='ocr-capabilities' content='ocr_page ocr_carea ocr_par ocr_line ocrx_word'/>
</head>
<body>
  <div class='ocr_page' id='page_1' title='image "./pterentiadelpho00gitlgoog/pterentiadelpho00gitlgoog_0032.png"; bbox 0 0 3575 5442; ppageno 0'>
   <div class='ocr_carea' id='block_1_1' title="bbox 274 385 1036 491">
    <p class='ocr_par' dir='ltr' id='par_1_1' title="bbox 274 385 1036 491">
     <span class='ocr_line' id='line_1_1' title="bbox 274 385 1036 491; baseline 0.004 -52"><span class='ocrx_word' id='word_1_1' title='bbox 274 414 303 491; x_wconf 64' lang='lat' dir='ltr'><em>s</em></span> <span class='ocrx_word' id='word_1_2' title='bbox 838 385 1036 442; x_wconf 82' lang='lat'>-14-</span> 
     </span>
    </p>
   </div>
   <div class='ocr_carea' id='block_1_2' title="bbox 299 535 1412 950">
    <p class='ocr_par' dir='ltr' id='par_1_2' title="bbox 299 535 1214 612">
     <span class='ocr_line' id='line_1_2' title="bbox 299 535 1214 612; baseline -0.004 -3"><span class='ocrx_word' id='word_1_3' title='bbox 299 543 451 609; x_wconf 82' lang='lat' dir='ltr'>Hominis</span> <span class='ocrx_word' id='word_1_4' title='bbox 475 540 666 607; x_wconf 75' lang='lat' dir='ltr'><strong>stultitiam.</strong></span> <span class='ocrx_word' id='word_1_5' title='bbox 692 541 761 612; x_wconf 87' lang='lat' dir='ltr'><strong>SY.</strong></span> <span class='ocrx_word' id='word_1_6' title='bbox 786 541 1011 608; x_wconf 84' lang='lat' dir='ltr'>Cdnlaudauit</span> <span class='ocrx_word' id='word_1_7' title='bbox 1034 541 1164 606; x_wconf 83' lang='lat' dir='ltr'>filium:</span> <span class='ocrx_word' id='word_1_8' title='bbox 1208 535 1214 542; x_wconf 62' lang='grc'>’</span> 
     </span>
    </p>

    <p class='ocr_par' dir='ltr' id='par_1_3' title="bbox 301 648 1132 737">
     <span class='ocr_line' id='line_1_3' title="bbox 301 648 1132 737; baseline 0 -23"><span class='ocrx_word' id='word_1_9' title='bbox 301 649 395 730; x_wconf 85' lang='lat' dir='ltr'>Mihi,</span> <span class='ocrx_word' id='word_1_10' title='bbox 421 651 479 737; x_wconf 88' lang='lat' dir='ltr'>qui</span> <span class='ocrx_word' id='word_1_11' title='bbox 502 650 665 715; x_wconf 82' lang='lat' dir='ltr'>dedissem</span> <span class='ocrx_word' id='word_1_12' title='bbox 689 648 871 730; x_wconf 86' lang='lat' dir='ltr'>censilium,</span> <span class='ocrx_word' id='word_1_13' title='bbox 897 649 968 735; x_wconf 92' lang='lat' dir='ltr'>egit</span> <span class='ocrx_word' id='word_1_14' title='bbox 991 649 1132 734; x_wconf 82' lang='lat' dir='ltr'>gratiae.</span> 
     </span>
    </p>

    <p class='ocr_par' dir='ltr' id='par_1_4' title="bbox 300 755 1412 950">
     <span class='ocr_line' id='line_1_4' title="bbox 300 755 1412 844; baseline -0.003 -20"><span class='ocrx_word' id='word_1_15' title='bbox 300 756 372 827; x_wconf 98' lang='lat' dir='ltr'><strong>DE.</strong></span> <span class='ocrx_word' id='word_1_16' title='bbox 396 757 607 844; x_wconf 79' lang='lat' dir='ltr'>Disrrimpor.</span> <span class='ocrx_word' id='word_1_17' title='bbox 632 755 703 826; x_wconf 88' lang='lat' dir='ltr'><strong>SY.</strong></span> <span class='ocrx_word' id='word_1_18' title='bbox 729 756 920 841; x_wconf 84' lang='lat' dir='ltr'><strong>Argentum</strong></span> <span class='ocrx_word' id='word_1_19' title='bbox 943 757 1178 822; x_wconf 89' lang='lat' dir='ltr'>adnumerauit</span> <span class='ocrx_word' id='word_1_20' title='bbox 1199 755 1291 822; x_wconf 90' lang='lat' dir='ltr'>ilico:</span> <span class='ocrx_word' id='word_1_21' title='bbox 1408 790 1412 794; x_wconf 38' lang='lat'><em>*</em></span> 
     </span>
     <span class='ocr_line' id='line_1_5' title="bbox 301 862 1202 950; baseline -0.001 -22"><span class='ocrx_word' id='word_1_22' title='bbox 301 863 405 930; x_wconf 84' lang='lat' dir='ltr'><strong>Dedit</strong></span> <span class='ocrx_word' id='word_1_23' title='bbox 428 870 606 950; x_wconf 91' lang='lat' dir='ltr'>praeterea</span> <span class='ocrx_word' id='word_1_24' title='bbox 629 863 664 928; x_wconf 92' lang='lat' dir='ltr'>in</span> <span class='ocrx_word' id='word_1_25' title='bbox 688 865 857 950; x_wconf 81' lang='lat' dir='ltr'>sdmptum</span> <span class='ocrx_word' id='word_1_26' title='bbox 880 862 1052 928; x_wconf 78' lang='lat' dir='ltr'>dimidiam</span> <span class='ocrx_word' id='word_1_27' title='bbox 1074 863 1202 928; x_wconf 86' lang='lat' dir='ltr'>minae:</span> 
     </span>
    </p>
   </div>
   <div class='ocr_carea' id='block_1_3' title="bbox 162 970 983 1037">
    <p class='ocr_par' dir='ltr' id='par_1_5' title="bbox 162 970 983 1037">
     <span class='ocr_line' id='line_1_6' title="bbox 162 970 983 1037; baseline 0.002 -3"><span class='ocrx_word' id='word_1_28' title='bbox 162 1004 167 1011; x_wconf 94' lang='lat'><em>·</em></span> <span class='ocrx_word' id='word_1_29' title='bbox 299 970 339 1034; x_wconf 88' lang='lat' dir='ltr'>ld</span> <span class='ocrx_word' id='word_1_30' title='bbox 363 971 581 1036; x_wconf 89' lang='lat' dir='ltr'>distributum</span> <span class='ocrx_word' id='word_1_31' title='bbox 603 972 719 1037; x_wconf 84' lang='lat' dir='ltr'>sanast</span> <span class='ocrx_word' id='word_1_32' title='bbox 741 993 781 1036; x_wconf 88' lang='lat' dir='ltr'>ex</span> <span class='ocrx_word' id='word_1_33' title='bbox 804 971 983 1036; x_wconf 88' lang='lat' dir='ltr'>sententia.</span> 
     </span>
    </p>
   </div>
   <div class='ocr_carea' id='block_1_4' title="bbox 291 1076 1343 2130">
    <p class='ocr_par' dir='ltr' id='par_1_6' title="bbox 300 1076 1196 1165">
     <span class='ocr_line' id='line_1_7' title="bbox 300 1076 1196 1165; baseline -0.004 -20"><span class='ocrx_word' id='word_1_34' title='bbox 300 1077 372 1148; x_wconf 90' lang='lat' dir='ltr'><strong>DE.</strong></span> <span class='ocrx_word' id='word_1_35' title='bbox 397 1078 484 1143; x_wconf 84' lang='lat' dir='ltr'>Huic</span> <span class='ocrx_word' id='word_1_36' title='bbox 507 1078 653 1158; x_wconf 59' lang='lat' dir='ltr'>mandes,</span> <span class='ocrx_word' id='word_1_37' title='bbox 678 1077 788 1165; x_wconf 85' lang='lat' dir='ltr'>siquid</span> <span class='ocrx_word' id='word_1_38' title='bbox 812 1079 904 1144; x_wconf 89' lang='lat' dir='ltr'>recte</span> <span class='ocrx_word' id='word_1_39' title='bbox 927 1078 1080 1143; x_wconf 78' lang='lat' dir='ltr'>curatam</span> <span class='ocrx_word' id='word_1_40' title='bbox 1102 1076 1196 1143; x_wconf 81' lang='lat' dir='ltr'>uelis</span> 
     </span>
    </p>

    <p class='ocr_par' dir='ltr' id='par_1_7' title="bbox 298 1184 1317 1593">
     <span class='ocr_line' id='line_1_8' title="bbox 300 1184 1317 1272; baseline -0.006 -18"><span class='ocrx_word' id='word_1_41' title='bbox 300 1184 371 1254; x_wconf 90' lang='lat' dir='ltr'><strong>SY.</strong></span> <span class='ocrx_word' id='word_1_42' title='bbox 395 1185 481 1250; x_wconf 92' lang='lat' dir='ltr'>Hem</span> <span class='ocrx_word' id='word_1_43' title='bbox 504 1186 638 1266; x_wconf 90' lang='lat' dir='ltr'>Demea,</span> <span class='ocrx_word' id='word_1_44' title='bbox 663 1184 754 1250; x_wconf 89' lang='lat' dir='ltr'>haud</span> <span class='ocrx_word' id='word_1_45' title='bbox 778 1187 974 1271; x_wconf 83' lang='lat' dir='ltr'>aspexeram</span> <span class='ocrx_word' id='word_1_46' title='bbox 997 1191 1048 1250; x_wconf 91' lang='lat' dir='ltr'>te:</span> <span class='ocrx_word' id='word_1_47' title='bbox 1074 1184 1153 1272; x_wconf 88' lang='lat' dir='ltr'>quid</span> <span class='ocrx_word' id='word_1_48' title='bbox 1178 1184 1317 1270; x_wconf 90' lang='lat' dir='ltr'>agitur?</span> 
     </span>
     <span class='ocr_line' id='line_1_9' title="bbox 301 1291 1233 1380; baseline -0.004 -20"><span class='ocrx_word' id='word_1_49' title='bbox 301 1293 373 1362; x_wconf 90' lang='lat' dir='ltr'><strong>DE.</strong></span> <span class='ocrx_word' id='word_1_50' title='bbox 398 1291 487 1372; x_wconf 76' lang='lat' dir='ltr'>Quid</span> <span class='ocrx_word' id='word_1_51' title='bbox 511 1292 661 1378; x_wconf 88' lang='lat' dir='ltr'>agatur?</span> <span class='ocrx_word' id='word_1_52' title='bbox 684 1297 834 1358; x_wconf 85' lang='lat' dir='ltr'>nostram</span> <span class='ocrx_word' id='word_1_53' title='bbox 857 1294 984 1380; x_wconf 89' lang='lat' dir='ltr'>nequeo</span> <span class='ocrx_word' id='word_1_54' title='bbox 1006 1292 1126 1358; x_wconf 85' lang='lat' dir='ltr'>mirari</span> <span class='ocrx_word' id='word_1_55' title='bbox 1149 1293 1233 1357; x_wconf 89' lang='lat' dir='ltr'>satis</span> 
     </span>
     <span class='ocr_line' id='line_1_10' title="bbox 300 1397 1201 1487; baseline -0.002 -23"><span class='ocrx_word' id='word_1_56' title='bbox 300 1399 487 1470; x_wconf 83' lang='lat' dir='ltr'>Ratidnem.</span> <span class='ocrx_word' id='word_1_57' title='bbox 513 1399 583 1470; x_wconf 83' lang='lat' dir='ltr'><strong>SY.</strong></span> <span class='ocrx_word' id='word_1_58' title='bbox 608 1399 763 1486; x_wconf 86' lang='lat' dir='ltr'>Ineptast</span> <span class='ocrx_word' id='word_1_59' title='bbox 787 1401 897 1487; x_wconf 89' lang='lat' dir='ltr'>atque,</span> <span class='ocrx_word' id='word_1_60' title='bbox 921 1421 962 1464; x_wconf 91' lang='lat' dir='ltr'>ne</span> <span class='ocrx_word' id='word_1_61' title='bbox 987 1397 1093 1464; x_wconf 90' lang='lat' dir='ltr'>dicam</span> <span class='ocrx_word' id='word_1_62' title='bbox 1117 1398 1201 1477; x_wconf 91' lang='lat' dir='ltr'>dolo,</span> 
     </span>
     <span class='ocr_line' id='line_1_11' title="bbox 298 1506 1055 1593; baseline -0.001 -23"><span class='ocrx_word' id='word_1_63' title='bbox 298 1507 467 1572; x_wconf 79' lang='lat' dir='ltr'>absurda.</span> <span class='ocrx_word' id='word_1_64' title='bbox 493 1507 594 1593; x_wconf 87' lang='lat' dir='ltr'>piscis</span> <span class='ocrx_word' id='word_1_65' title='bbox 618 1509 745 1573; x_wconf 87' lang='lat' dir='ltr'>ceteros</span> <span class='ocrx_word' id='word_1_66' title='bbox 769 1507 889 1593; x_wconf 87' lang='lat' dir='ltr'>purga,</span> <span class='ocrx_word' id='word_1_67' title='bbox 914 1506 1055 1571; x_wconf 90' lang='lat' dir='ltr'>Dromo:</span> 
     </span>
    </p>

    <p class='ocr_par' dir='ltr' id='par_1_8' title="bbox 299 1611 1343 1807">
     <span class='ocr_line' id='line_1_12' title="bbox 300 1611 1343 1700; baseline -0.002 -22"><span class='ocrx_word' id='word_1_68' title='bbox 300 1611 467 1698; x_wconf 83' lang='lat' dir='ltr'>Congrum</span> <span class='ocrx_word' id='word_1_69' title='bbox 489 1615 592 1679; x_wconf 83' lang='lat' dir='ltr'>istum</span> <span class='ocrx_word' id='word_1_70' title='bbox 614 1635 803 1680; x_wconf 84' lang='lat' dir='ltr'>maxumum</span> <span class='ocrx_word' id='word_1_71' title='bbox 824 1615 860 1680; x_wconf 90' lang='lat' dir='ltr'>in</span> <span class='ocrx_word' id='word_1_72' title='bbox 885 1634 974 1700; x_wconf 91' lang='lat' dir='ltr'>aqua</span> <span class='ocrx_word' id='word_1_73' title='bbox 997 1613 1099 1678; x_wconf 89' lang='lat' dir='ltr'>sinito</span> <span class='ocrx_word' id='word_1_74' title='bbox 1123 1611 1240 1677; x_wconf 80' lang='lat' dir='ltr'>ladere</span> <span class='ocrx_word' id='word_1_75' title='bbox 1339 1650 1343 1654; x_wconf 94' lang='lat'>-</span> 
     </span>
     <span class='ocr_line' id='line_1_13' title="bbox 299 1720 1071 1807; baseline 0 -23"><span class='ocrx_word' id='word_1_76' title='bbox 299 1720 494 1807; x_wconf 80' lang='lat' dir='ltr'>Tantisper:</span> <span class='ocrx_word' id='word_1_77' title='bbox 520 1743 581 1806; x_wconf 88' lang='lat' dir='ltr'>ego</span> <span class='ocrx_word' id='word_1_78' title='bbox 605 1721 663 1786; x_wconf 89' lang='lat' dir='ltr'>ubi</span> <span class='ocrx_word' id='word_1_79' title='bbox 686 1725 820 1800; x_wconf 87' lang='lat' dir='ltr'>uenero,</span> <span class='ocrx_word' id='word_1_80' title='bbox 845 1720 1071 1786; x_wconf 86' lang='lat' dir='ltr'>exossabitur:</span> 
     </span>
    </p>

    <p class='ocr_par' dir='ltr' id='par_1_9' title="bbox 298 1825 1310 2022">
     <span class='ocr_line' id='line_1_14' title="bbox 298 1825 1310 1914; baseline -0.002 -22"><span class='ocrx_word' id='word_1_81' title='bbox 298 1826 385 1893; x_wconf 80' lang='lat' dir='ltr'>Nola</span> <span class='ocrx_word' id='word_1_82' title='bbox 408 1827 513 1914; x_wconf 89' lang='lat' dir='ltr'>prius.</span> <span class='ocrx_word' id='word_1_83' title='bbox 538 1828 611 1898; x_wconf 90' lang='lat' dir='ltr'><strong>DE.</strong></span> <span class='ocrx_word' id='word_1_84' title='bbox 635 1828 784 1894; x_wconf 79' lang='lat' dir='ltr'>Haecine</span> <span class='ocrx_word' id='word_1_85' title='bbox 806 1827 956 1913; x_wconf 90' lang='lat' dir='ltr'>flagitia!</span> <span class='ocrx_word' id='word_1_86' title='bbox 981 1826 1052 1896; x_wconf 83' lang='lat' dir='ltr'><strong>SY.</strong></span> <span class='ocrx_word' id='word_1_87' title='bbox 1076 1825 1153 1891; x_wconf 79' lang='lat' dir='ltr'>Nan</span> <span class='ocrx_word' id='word_1_88' title='bbox 1177 1825 1310 1912; x_wconf 84' lang='lat' dir='ltr'>placent</span> 
     </span>
     <span class='ocr_line' id='line_1_15' title="bbox 299 1934 1062 2022; baseline -0.003 -22"><span class='ocrx_word' id='word_1_89' title='bbox 299 1934 346 2000; x_wconf 87' lang='lat' dir='ltr'>Et</span> <span class='ocrx_word' id='word_1_90' title='bbox 369 1935 472 2001; x_wconf 85' lang='lat' dir='ltr'>clamo</span> <span class='ocrx_word' id='word_1_91' title='bbox 497 1957 605 2022; x_wconf 85' lang='lat' dir='ltr'>saepe.</span> <span class='ocrx_word' id='word_1_92' title='bbox 630 1934 843 2015; x_wconf 87' lang='lat' dir='ltr'>salsamenta,</span> <span class='ocrx_word' id='word_1_93' title='bbox 868 1934 1062 2020; x_wconf 83' lang='lat' dir='ltr'>Stephanio,</span> 
     </span>
    </p>

    <p class='ocr_par' dir='ltr' id='par_1_10' title="bbox 291 2037 1254 2130">
     <span class='ocr_line' id='line_1_16' title="bbox 291 2037 1254 2130; baseline -0.002 -24"><span class='ocrx_word' id='word_1_94' title='bbox 291 2037 366 2106; x_wconf 78' lang='lat' dir='ltr'>&#39;Fac</span> <span class='ocrx_word' id='word_1_95' title='bbox 387 2044 600 2108; x_wconf 82' lang='lat' dir='ltr'>macerentur</span> <span class='ocrx_word' id='word_1_96' title='bbox 622 2041 769 2130; x_wconf 78' lang='lat' dir='ltr'>pulchre.</span> <span class='ocrx_word' id='word_1_97' title='bbox 806 2041 881 2111; x_wconf 93' lang='lat' dir='ltr'><strong>DE.</strong></span> <span class='ocrx_word' id='word_1_98' title='bbox 906 2041 952 2106; x_wconf 90' lang='lat' dir='ltr'>Di</span> <span class='ocrx_word' id='word_1_99' title='bbox 974 2043 1125 2107; x_wconf 88' lang='lat' dir='ltr'>nostram</span> <span class='ocrx_word' id='word_1_100' title='bbox 1147 2040 1254 2120; x_wconf 91' lang='lat' dir='ltr'>fidem,</span> 
     </span>
    </p>
   </div>
   <div class='ocr_carea' id='block_1_5' title="bbox 165 2148 1048 2235">
    <p class='ocr_par' dir='ltr' id='par_1_11' title="bbox 165 2148 1048 2235">
     <span class='ocr_line' id='line_1_17' title="bbox 165 2148 1048 2235; baseline 0 -22"><span class='ocrx_word' id='word_1_101' title='bbox 165 2196 167 2201; x_wconf 86' lang='lat'><em>-</em></span> <span class='ocrx_word' id='word_1_102' title='bbox 299 2149 422 2214; x_wconf 75' lang='lat' dir='ltr'>Vtram</span> <span class='ocrx_word' id='word_1_103' title='bbox 444 2149 593 2216; x_wconf 83' lang='lat' dir='ltr'>studiose</span> <span class='ocrx_word' id='word_1_104' title='bbox 616 2149 651 2215; x_wconf 96' lang='lat' dir='ltr'>id</span> <span class='ocrx_word' id='word_1_105' title='bbox 676 2152 718 2215; x_wconf 89' lang='lat' dir='ltr'>an</span> <span class='ocrx_word' id='word_1_106' title='bbox 741 2149 807 2214; x_wconf 89' lang='lat' dir='ltr'>sihi</span> <span class='ocrx_word' id='word_1_107' title='bbox 830 2148 924 2214; x_wconf 89' lang='lat' dir='ltr'>laudi</span> <span class='ocrx_word' id='word_1_108' title='bbox 947 2155 1048 2235; x_wconf 88' lang='lat' dir='ltr'>putat</span> 
     </span>
    </p>
   </div>
   <div class='ocr_carea' id='block_1_6' title="bbox 297 2255 1200 2770">
    <p class='ocr_par' dir='ltr' id='par_1_12' title="bbox 297 2255 1200 2770">
     <span class='ocr_line' id='line_1_18' title="bbox 298 2255 1191 2343; baseline -0.002 -23"><span class='ocrx_word' id='word_1_109' title='bbox 298 2255 395 2337; x_wconf 86' lang='lat' dir='ltr'>Fore,</span> <span class='ocrx_word' id='word_1_110' title='bbox 419 2259 449 2320; x_wconf 87' lang='lat' dir='ltr'>si</span> <span class='ocrx_word' id='word_1_111' title='bbox 472 2256 659 2343; x_wconf 87' lang='lat' dir='ltr'>perdiderit</span> <span class='ocrx_word' id='word_1_112' title='bbox 681 2255 845 2342; x_wconf 88' lang='lat' dir='ltr'>gnatum?</span> <span class='ocrx_word' id='word_1_113' title='bbox 869 2277 933 2320; x_wconf 91' lang='lat' dir='ltr'>uae</span> <span class='ocrx_word' id='word_1_114' title='bbox 954 2255 1075 2322; x_wconf 83' lang='lat' dir='ltr'>misere</span> <span class='ocrx_word' id='word_1_115' title='bbox 1098 2255 1191 2322; x_wconf 88' lang='lat' dir='ltr'>mihi.</span> 
     </span>
     <span class='ocr_line' id='line_1_19' title="bbox 298 2361 1116 2451; baseline 0 -24"><span class='ocrx_word' id='word_1_116' title='bbox 298 2361 395 2428; x_wconf 92' lang='lat' dir='ltr'>Diem</span> <span class='ocrx_word' id='word_1_117' title='bbox 417 2363 494 2444; x_wconf 91' lang='lat' dir='ltr'>iam,</span> <span class='ocrx_word' id='word_1_118' title='bbox 518 2363 699 2429; x_wconf 89' lang='lat' dir='ltr'>militatum</span> <span class='ocrx_word' id='word_1_119' title='bbox 723 2386 821 2451; x_wconf 88' lang='lat' dir='ltr'>quom</span> <span class='ocrx_word' id='word_1_120' title='bbox 843 2362 1017 2450; x_wconf 80' lang='lat' dir='ltr'>prefigiet</span> <span class='ocrx_word' id='word_1_121' title='bbox 1039 2362 1116 2427; x_wconf 93' lang='lat' dir='ltr'>hinc</span> 
     </span>
     <span class='ocr_line' id='line_1_20' title="bbox 297 2468 1098 2556; baseline 0.002 -24"><span class='ocrx_word' id='word_1_122' title='bbox 297 2468 420 2556; x_wconf 87' lang='lat' dir='ltr'>Egens,</span> <span class='ocrx_word' id='word_1_123' title='bbox 444 2469 561 2536; x_wconf 90' lang='lat' dir='ltr'>uidere</span> <span class='ocrx_word' id='word_1_124' title='bbox 583 2470 701 2536; x_wconf 92' lang='lat' dir='ltr'>uideor</span> <span class='ocrx_word' id='word_1_125' title='bbox 725 2470 829 2540; x_wconf 89' lang='lat' dir='ltr'>ilhnn.</span> <span class='ocrx_word' id='word_1_126' title='bbox 866 2470 939 2540; x_wconf 83' lang='lat' dir='ltr'><strong>SY.</strong></span> <span class='ocrx_word' id='word_1_127' title='bbox 963 2470 1098 2536; x_wconf 92' lang='lat' dir='ltr'>Demea.</span> 
     </span>
     <span class='ocr_line' id='line_1_21' title="bbox 298 2575 1088 2663; baseline 0.005 -25"><span class='ocrx_word' id='word_1_128' title='bbox 298 2575 390 2660; x_wconf 78' lang='lat' dir='ltr'>istac</span> <span class='ocrx_word' id='word_1_129' title='bbox 414 2581 465 2641; x_wconf 89' lang='lat' dir='ltr'>est</span> <span class='ocrx_word' id='word_1_130' title='bbox 487 2598 616 2663; x_wconf 81' lang='lat' dir='ltr'>sapere,</span> <span class='ocrx_word' id='word_1_131' title='bbox 640 2578 707 2642; x_wconf 85' lang='lat' dir='ltr'>nen</span> <span class='ocrx_word' id='word_1_132' title='bbox 730 2576 845 2642; x_wconf 89' lang='lat' dir='ltr'>uidere</span> <span class='ocrx_word' id='word_1_133' title='bbox 868 2575 965 2641; x_wconf 81' lang='lat' dir='ltr'>medo</span> <span class='ocrx_word' id='word_1_134' title='bbox 988 2576 1088 2662; x_wconf 88' lang='lat' dir='ltr'>pedes</span> 
     </span>
     <span class='ocr_line' id='line_1_22' title="bbox 299 2680 1200 2770; baseline 0.001 -24"><span class='ocrx_word' id='word_1_135' title='bbox 299 2680 394 2762; x_wconf 80' lang='lat' dir='ltr'>Quod</span> <span class='ocrx_word' id='word_1_136' title='bbox 424 2683 512 2764; x_wconf 88' lang='lat' dir='ltr'>ante,</span> <span class='ocrx_word' id='word_1_137' title='bbox 536 2682 593 2747; x_wconf 87' lang='lat' dir='ltr'>sed</span> <span class='ocrx_word' id='word_1_138' title='bbox 619 2682 720 2748; x_wconf 88' lang='lat' dir='ltr'>etiam</span> <span class='ocrx_word' id='word_1_139' title='bbox 742 2681 802 2748; x_wconf 90' lang='lat' dir='ltr'>illa</span> <span class='ocrx_word' id='word_1_140' title='bbox 825 2704 911 2770; x_wconf 90' lang='lat' dir='ltr'>quae</span> <span class='ocrx_word' id='word_1_141' title='bbox 935 2682 1053 2748; x_wconf 84' lang='lat' dir='ltr'>futirra</span> <span class='ocrx_word' id='word_1_142' title='bbox 1075 2687 1155 2747; x_wconf 91' lang='lat' dir='ltr'>sunt</span> <span class='ocrx_word' id='word_1_143' title='bbox 1197 2752 1200 2758; x_wconf 67' lang='grc'>,</span> 
     </span>
    </p>
   </div>
   <div class='ocr_carea' id='block_1_7' title="bbox 299 2787 1582 2976">
    <p class='ocr_par' dir='ltr' id='par_1_13' title="bbox 299 2787 1582 2976">
     <span class='ocr_line' id='line_1_23' title="bbox 300 2787 1306 2876; baseline -0.001 -24"><span class='ocrx_word' id='word_1_144' title='bbox 300 2788 504 2876; x_wconf 84' lang='lat' dir='ltr'>Prospicere.</span> <span class='ocrx_word' id='word_1_145' title='bbox 530 2789 602 2858; x_wconf 90' lang='lat' dir='ltr'>DE.</span> <span class='ocrx_word' id='word_1_146' title='bbox 629 2789 741 2870; x_wconf 80' lang='lat' dir='ltr'>Quid?</span> <span class='ocrx_word' id='word_1_147' title='bbox 766 2791 866 2876; x_wconf 90' lang='lat' dir='ltr'>penes</span> <span class='ocrx_word' id='word_1_148' title='bbox 889 2812 950 2855; x_wconf 88' lang='lat' dir='ltr'>uos</span> <span class='ocrx_word' id='word_1_149' title='bbox 974 2795 1026 2855; x_wconf 88' lang='lat' dir='ltr'>est</span> <span class='ocrx_word' id='word_1_150' title='bbox 1048 2789 1116 2854; x_wconf 91' lang='lat' dir='ltr'>iam</span> <span class='ocrx_word' id='word_1_151' title='bbox 1138 2787 1306 2876; x_wconf 75' lang='lat' dir='ltr'>psaltria?</span> 
     </span>
     <span class='ocr_line' id='line_1_24' title="bbox 299 2893 1582 2976; baseline -0.006 -12"><span class='ocrx_word' id='word_1_152' title='bbox 299 2895 504 2966; x_wconf 81' lang='lat' dir='ltr'>SY.-Ellam</span> <span class='ocrx_word' id='word_1_153' title='bbox 526 2898 628 2961; x_wconf 88' lang='lat' dir='ltr'>intus.</span> <span class='ocrx_word' id='word_1_154' title='bbox 655 2896 726 2966; x_wconf 90' lang='lat' dir='ltr'>DE.</span> <span class='ocrx_word' id='word_1_155' title='bbox 750 2896 835 2976; x_wconf 83' lang='lat' dir='ltr'>Eho,</span> <span class='ocrx_word' id='word_1_156' title='bbox 861 2896 982 2962; x_wconf 89' lang='lat' dir='ltr'>domist</span> <span class='ocrx_word' id='word_1_157' title='bbox 1004 2894 1206 2961; x_wconf 88' lang='lat' dir='ltr'>habiturus?</span> <span class='ocrx_word' id='word_1_158' title='bbox 1231 2893 1301 2964; x_wconf 87' lang='lat' dir='ltr'><strong>SY.</strong></span> <span class='ocrx_word' id='word_1_159' title='bbox 1319 2893 1444 2974; x_wconf 84' lang='lat' dir='ltr'>-Credo,</span> <span class='ocrx_word' id='word_1_160' title='bbox 1468 2897 1507 2957; x_wconf 90' lang='lat' dir='ltr'>ut</span> <span class='ocrx_word' id='word_1_161' title='bbox 1531 2896 1582 2956; x_wconf 91' lang='lat' dir='ltr'>est</span> 
     </span>
    </p>
   </div>
   <div class='ocr_carea' id='block_1_8' title="bbox 266 2999 1583 4796">
    <p class='ocr_par' dir='ltr' id='par_1_14' title="bbox 266 2999 1581 3197">
     <span class='ocr_line' id='line_1_25' title="bbox 266 2999 1581 3094; baseline 0 -28"><span class='ocrx_word' id='word_1_162' title='bbox 266 3085 268 3092; x_wconf 62' lang='lat'><strong>.</strong></span> <span class='ocrx_word' id='word_1_163' title='bbox 299 3002 488 3094; x_wconf 79' lang='lat' dir='ltr'>Dementia.</span> <span class='ocrx_word' id='word_1_164' title='bbox 514 3001 584 3073; x_wconf 88' lang='lat' dir='ltr'>DE.</span> <span class='ocrx_word' id='word_1_165' title='bbox 610 3003 739 3069; x_wconf 89' lang='lat' dir='ltr'>Haecin</span> <span class='ocrx_word' id='word_1_166' title='bbox 762 3003 862 3068; x_wconf 88' lang='lat' dir='ltr'>fieri!</span> <span class='ocrx_word' id='word_1_167' title='bbox 899 3003 971 3073; x_wconf 92' lang='grc' dir='ltr'>ΒΥ.</span> <span class='ocrx_word' id='word_1_168' title='bbox 995 3003 1117 3089; x_wconf 89' lang='lat' dir='ltr'>Inepta</span> <span class='ocrx_word' id='word_1_169' title='bbox 1139 3001 1262 3068; x_wconf 86' lang='lat' dir='ltr'>lenitas</span> <span class='ocrx_word' id='word_1_170' title='bbox 1528 2999 1581 3052; x_wconf 85' lang='lat'>390</span> 
     </span>
     <span class='ocr_line' id='line_1_26' title="bbox 298 3108 1270 3197; baseline -0.001 -23"><span class='ocrx_word' id='word_1_171' title='bbox 298 3108 412 3174; x_wconf 90' lang='lat' dir='ltr'>Patris</span> <span class='ocrx_word' id='word_1_172' title='bbox 437 3112 471 3175; x_wconf 91' lang='lat' dir='ltr'>et</span> <span class='ocrx_word' id='word_1_173' title='bbox 493 3109 642 3175; x_wconf 86' lang='lat' dir='ltr'>facilitas</span> <span class='ocrx_word' id='word_1_174' title='bbox 666 3113 782 3196; x_wconf 89' lang='lat' dir='ltr'>praua.</span> <span class='ocrx_word' id='word_1_175' title='bbox 808 3109 880 3179; x_wconf 92' lang='lat' dir='ltr'>DE.</span> <span class='ocrx_word' id='word_1_176' title='bbox 904 3109 1039 3174; x_wconf 85' lang='lat' dir='ltr'>Fratris</span> <span class='ocrx_word' id='word_1_177' title='bbox 1062 3111 1113 3174; x_wconf 89' lang='lat' dir='ltr'>me</span> <span class='ocrx_word' id='word_1_178' title='bbox 1137 3108 1270 3197; x_wconf 90' lang='lat' dir='ltr'>quidem</span> 
     </span>
    </p>

    <p class='ocr_par' dir='ltr' id='par_1_15' title="bbox 297 3214 1160 3302">
     <span class='ocr_line' id='line_1_27' title="bbox 297 3214 1160 3302; baseline 0.002 -23"><span class='ocrx_word' id='word_1_179' title='bbox 297 3214 408 3280; x_wconf 89' lang='lat' dir='ltr'>Pudet</span> <span class='ocrx_word' id='word_1_180' title='bbox 430 3215 534 3302; x_wconf 90' lang='lat' dir='ltr'>piget.</span> <span class='ocrx_word' id='word_1_181' title='bbox 560 3215 630 3289; x_wconf 85' lang='lat' dir='ltr'><strong>SY.</strong></span> <span class='ocrx_word' id='word_1_182' title='bbox 654 3215 724 3281; x_wconf 88' lang='lat' dir='ltr'>Vos</span> <span class='ocrx_word' id='word_1_183' title='bbox 741 3218 832 3281; x_wconf 89' lang='lat' dir='ltr'>inter</span> <span class='ocrx_word' id='word_1_184' title='bbox 854 3216 1001 3302; x_wconf 88' lang='lat' dir='ltr'>nimium,</span> <span class='ocrx_word' id='word_1_185' title='bbox 1025 3216 1160 3296; x_wconf 80' lang='lat' dir='ltr'>Demea,</span> 
     </span>
    </p>

    <p class='ocr_par' dir='ltr' id='par_1_16' title="bbox 299 3320 1306 3409">
     <span class='ocr_line' id='line_1_28' title="bbox 299 3320 1306 3409; baseline -0.001 -22"><span class='ocrx_word' id='word_1_186' title='bbox 299 3320 390 3400; x_wconf 84' lang='lat' dir='ltr'>(Non</span> <span class='ocrx_word' id='word_1_187' title='bbox 415 3325 493 3409; x_wconf 90' lang='lat' dir='ltr'>quia</span> <span class='ocrx_word' id='word_1_188' title='bbox 517 3322 595 3387; x_wconf 83' lang='lat' dir='ltr'>ades</span> <span class='ocrx_word' id='word_1_189' title='bbox 619 3343 776 3409; x_wconf 88' lang='lat' dir='ltr'>praesens</span> <span class='ocrx_word' id='word_1_190' title='bbox 801 3322 887 3409; x_wconf 79' lang='lat' dir='ltr'>dico)</span> <span class='ocrx_word' id='word_1_191' title='bbox 912 3322 1110 3409; x_wconf 85' lang='lat' dir='ltr'>pernimium</span> <span class='ocrx_word' id='word_1_192' title='bbox 1132 3325 1223 3388; x_wconf 91' lang='lat' dir='ltr'>inter</span> <span class='ocrx_word' id='word_1_193' title='bbox 1246 3327 1306 3387; x_wconf 93' lang='lat' dir='ltr'>est.</span> 
     </span>
    </p>

    <p class='ocr_par' dir='ltr' id='par_1_17' title="bbox 299 3428 981 3515">
     <span class='ocr_line' id='line_1_29' title="bbox 299 3428 981 3515; baseline 0.001 -22"><span class='ocrx_word' id='word_1_194' title='bbox 299 3428 351 3493; x_wconf 82' lang='lat' dir='ltr'>Tu</span> <span class='ocrx_word' id='word_1_195' title='bbox 373 3429 422 3494; x_wconf 90' lang='lat' dir='ltr'>nil</span> <span class='ocrx_word' id='word_1_196' title='bbox 444 3429 511 3494; x_wconf 90' lang='lat' dir='ltr'>nisi</span> <span class='ocrx_word' id='word_1_197' title='bbox 535 3429 713 3515; x_wconf 88' lang='lat' dir='ltr'>sapientia,</span> <span class='ocrx_word' id='word_1_198' title='bbox 737 3429 795 3495; x_wconf 91' lang='lat' dir='ltr'>ille</span> <span class='ocrx_word' id='word_1_199' title='bbox 818 3429 981 3494; x_wconf 80' lang='lat' dir='ltr'>samnium</span> 
     </span>
    </p>

    <p class='ocr_par' dir='ltr' id='par_1_18' title="bbox 298 3531 1582 3713">
     <span class='ocr_line' id='line_1_30' title="bbox 298 3531 1582 3624; baseline -0.001 -24"><span class='ocrx_word' id='word_1_200' title='bbox 298 3535 359 3600; x_wconf 76' lang='lat' dir='ltr'>Est</span> <span class='ocrx_word' id='word_1_201' title='bbox 382 3544 527 3624; x_wconf 86' lang='lat' dir='ltr'>quantus</span> <span class='ocrx_word' id='word_1_202' title='bbox 552 3538 707 3624; x_wconf 85' lang='lat' dir='ltr'>quantus.</span> <span class='ocrx_word' id='word_1_203' title='bbox 732 3538 859 3602; x_wconf 89' lang='lat' dir='ltr'>sineres</span> <span class='ocrx_word' id='word_1_204' title='bbox 883 3558 964 3601; x_wconf 88' lang='lat' dir='ltr'>uero</span> <span class='ocrx_word' id='word_1_205' title='bbox 988 3535 1082 3600; x_wconf 82' lang='lat' dir='ltr'>illam</span> <span class='ocrx_word' id='word_1_206' title='bbox 1104 3540 1201 3600; x_wconf 86' lang='lat' dir='ltr'>tuom·</span> <span class='ocrx_word' id='word_1_207' title='bbox 1528 3531 1582 3586; x_wconf 76' lang='lat'>395</span> 
     </span>
     <span class='ocr_line' id='line_1_31' title="bbox 298 3640 1362 3713; baseline -0.002 -7"><span class='ocrx_word' id='word_1_208' title='bbox 298 3640 391 3709; x_wconf 91' lang='lat' dir='ltr'>Haec</span> <span class='ocrx_word' id='word_1_209' title='bbox 413 3642 549 3709; x_wconf 86' lang='lat' dir='ltr'>facere?</span> <span class='ocrx_word' id='word_1_210' title='bbox 585 3644 657 3713; x_wconf 91' lang='lat' dir='ltr'>DE.</span> <span class='ocrx_word' id='word_1_211' title='bbox 682 3643 856 3709; x_wconf 81' lang='lat' dir='ltr'>Sinerem?</span> <span class='ocrx_word' id='word_1_212' title='bbox 880 3643 963 3708; x_wconf 83' lang='lat' dir='ltr'>haut</span> <span class='ocrx_word' id='word_1_213' title='bbox 987 3641 1172 3708; x_wconf 85' lang='lat' dir='ltr'>elfecissem</span> <span class='ocrx_word' id='word_1_214' title='bbox 1193 3640 1362 3706; x_wconf 87' lang='lat' dir='ltr'>mensibus</span> 
     </span>
    </p>

    <p class='ocr_par' dir='ltr' id='par_1_19' title="bbox 299 3743 1246 3838">
     <span class='ocr_line' id='line_1_32' title="bbox 299 3743 1246 3838; baseline 0.001 -25"><span class='ocrx_word' id='word_1_215' title='bbox 299 3748 400 3814; x_wconf 82' lang='lat' dir='ltr'>Priirs</span> <span class='ocrx_word' id='word_1_216' title='bbox 424 3773 482 3816; x_wconf 87' lang='lat' dir='ltr'>sex</span> <span class='ocrx_word' id='word_1_217' title='bbox 505 3750 597 3830; x_wconf 77' lang='lat' dir='ltr'>totis,</span> <span class='ocrx_word' id='word_1_218' title='bbox 623 3752 721 3837; x_wconf 87' lang='lat' dir='ltr'>quam</span> <span class='ocrx_word' id='word_1_219' title='bbox 745 3750 825 3838; x_wconf 91' lang='lat' dir='ltr'>quid</span> <span class='ocrx_word' id='word_1_220' title='bbox 848 3750 906 3815; x_wconf 92' lang='lat' dir='ltr'>ille</span> <span class='ocrx_word' id='word_1_221' title='bbox 930 3749 1105 3835; x_wconf 79' lang='lat' dir='ltr'>coeperet?</span> <span class='ocrx_word' id='word_1_222' title='bbox 1243 3743 1246 3746; x_wconf 10' lang='grc' dir='ltr'><em>Α</em></span> 
     </span>
    </p>

    <p class='ocr_par' dir='ltr' id='par_1_20' title="bbox 287 3840 1272 3942">
     <span class='ocr_line' id='line_1_33' title="bbox 287 3840 1272 3942; baseline -0.005 -18"><span class='ocrx_word' id='word_1_223' title='bbox 287 3854 370 3927; x_wconf 87' lang='grc' dir='ltr'>ΒΥ.</span> <span class='ocrx_word' id='word_1_224' title='bbox 394 3856 619 3942; x_wconf 79' lang='lat' dir='ltr'>Vigilantiam</span> <span class='ocrx_word' id='word_1_225' title='bbox 641 3859 734 3922; x_wconf 89' lang='lat' dir='ltr'>tuam</span> <span class='ocrx_word' id='word_1_226' title='bbox 756 3857 839 3922; x_wconf 92' lang='lat' dir='ltr'>mihi</span> <span class='ocrx_word' id='word_1_227' title='bbox 862 3856 1007 3922; x_wconf 88' lang='lat' dir='ltr'>narras?</span> <span class='ocrx_word' id='word_1_228' title='bbox 1032 3855 1104 3924; x_wconf 92' lang='lat' dir='ltr'><strong>DE.</strong></span> <span class='ocrx_word' id='word_1_229' title='bbox 1130 3840 1186 3921; x_wconf 84' lang='lat' dir='ltr'>Sic</span> <span class='ocrx_word' id='word_1_230' title='bbox 1207 3854 1272 3921; x_wconf 89' lang='lat' dir='ltr'>siet</span> 
     </span>
    </p>

    <p class='ocr_par' dir='ltr' id='par_1_21' title="bbox 299 3959 1419 4056">
     <span class='ocr_line' id='line_1_34' title="bbox 299 3959 1419 4056; baseline -0.004 -30"><span class='ocrx_word' id='word_1_231' title='bbox 299 3962 396 4027; x_wconf 92' lang='lat' dir='ltr'>Modo</span> <span class='ocrx_word' id='word_1_232' title='bbox 420 3965 459 4028; x_wconf 80' lang='lat' dir='ltr'>at</span> <span class='ocrx_word' id='word_1_233' title='bbox 483 3987 578 4044; x_wconf 90' lang='lat' dir='ltr'>nunc,</span> <span class='ocrx_word' id='word_1_234' title='bbox 605 3985 736 4051; x_wconf 89' lang='lat' dir='ltr'>quaeso.</span> <span class='ocrx_word' id='word_1_235' title='bbox 763 3963 833 4035; x_wconf 88' lang='lat' dir='ltr'><strong>SY.</strong></span> <span class='ocrx_word' id='word_1_236' title='bbox 858 3963 958 4029; x_wconf 80' lang='lat' dir='ltr'>Sirom</span> <span class='ocrx_word' id='word_1_237' title='bbox 981 3962 1034 4027; x_wconf 82' lang='lat' dir='ltr'>uti</span> <span class='ocrx_word' id='word_1_238' title='bbox 1057 3962 1196 4050; x_wconf 91' lang='lat' dir='ltr'>quisque</span> <span class='ocrx_word' id='word_1_239' title='bbox 1220 3959 1301 4056; x_wconf 83' lang='lat' dir='ltr'>udlt,</span> <span class='ocrx_word' id='word_1_240' title='bbox 1325 3959 1419 4024; x_wconf 90' lang='lat' dir='ltr'>itast.</span> 
     </span>
    </p>

    <p class='ocr_par' dir='ltr' id='par_1_22' title="bbox 299 4065 1583 4261">
     <span class='ocr_line' id='line_1_35' title="bbox 300 4065 1583 4149; baseline -0.005 -13"><span class='ocrx_word' id='word_1_241' title='bbox 300 4069 373 4139; x_wconf 92' lang='lat' dir='ltr'>DE.</span> <span class='ocrx_word' id='word_1_242' title='bbox 398 4069 509 4149; x_wconf 76' lang='lat' dir='ltr'>Quid?</span> <span class='ocrx_word' id='word_1_243' title='bbox 533 4069 632 4136; x_wconf 92' lang='lat' dir='ltr'>hodie</span> <span class='ocrx_word' id='word_1_244' title='bbox 656 4068 838 4135; x_wconf 86' lang='lat' dir='ltr'>uidistine?</span> <span class='ocrx_word' id='word_1_245' title='bbox 862 4069 933 4139; x_wconf 90' lang='lat' dir='ltr'><strong>SY.</strong></span> <span class='ocrx_word' id='word_1_246' title='bbox 957 4069 1104 4134; x_wconf 85' lang='lat' dir='ltr'>Tucmne</span> <span class='ocrx_word' id='word_1_247' title='bbox 1127 4067 1263 4133; x_wconf 85' lang='lat' dir='ltr'>filium?</span> <span class='ocrx_word' id='word_1_248' title='bbox 1531 4065 1583 4119; x_wconf 83' lang='lat'>4⁰0</span> 
     </span>
     <span class='ocr_line' id='line_1_36' title="bbox 299 4174 1231 4261; baseline -0.001 -21"><span class='ocrx_word' id='word_1_249' title='bbox 299 4175 387 4241; x_wconf 92' lang='lat' dir='ltr'>Hinc</span> <span class='ocrx_word' id='word_1_250' title='bbox 411 4177 497 4241; x_wconf 89' lang='lat' dir='ltr'>abiit</span> <span class='ocrx_word' id='word_1_251' title='bbox 519 4199 588 4242; x_wconf 86' lang='lat' dir='ltr'>rus.</span> <span class='ocrx_word' id='word_1_252' title='bbox 612 4177 679 4241; x_wconf 89' lang='lat' dir='ltr'>iam</span> <span class='ocrx_word' id='word_1_253' title='bbox 703 4177 826 4242; x_wconf 76' lang='lat' dir='ltr'>dedum</span> <span class='ocrx_word' id='word_1_254' title='bbox 848 4176 923 4240; x_wconf 90' lang='lat' dir='ltr'>ruri</span> <span class='ocrx_word' id='word_1_255' title='bbox 947 4197 1047 4261; x_wconf 88' lang='lat' dir='ltr'>agere</span> <span class='ocrx_word' id='word_1_256' title='bbox 1072 4174 1231 4241; x_wconf 88' lang='lat' dir='ltr'>arbitror.</span> 
     </span>
    </p>

    <p class='ocr_par' dir='ltr' id='par_1_23' title="bbox 299 4264 1580 4478">
     <span class='ocr_line' id='line_1_37' title="bbox 299 4264 1580 4370; baseline -0.006 -19"><span class='ocrx_word' id='word_1_257' title='bbox 299 4283 371 4351; x_wconf 92' lang='lat' dir='ltr'>DE.</span> <span class='ocrx_word' id='word_1_258' title='bbox 388 4283 487 4348; x_wconf 85' lang='lat' dir='ltr'>Satin</span> <span class='ocrx_word' id='word_1_259' title='bbox 499 4284 548 4349; x_wconf 91' lang='lat' dir='ltr'>ibi</span> <span class='ocrx_word' id='word_1_260' title='bbox 560 4285 625 4349; x_wconf 87' lang='lat' dir='ltr'>scis</span> <span class='ocrx_word' id='word_1_261' title='bbox 640 4283 731 4349; x_wconf 84' lang='lat' dir='ltr'>esse?</span> <span class='ocrx_word' id='word_1_262' title='bbox 755 4283 827 4354; x_wconf 86' lang='lat' dir='ltr'><strong>SY.</strong></span> <span class='ocrx_word' id='word_1_263' title='bbox 841 4281 905 4363; x_wconf 90' lang='lat' dir='ltr'>Oh,</span> <span class='ocrx_word' id='word_1_264' title='bbox 919 4282 977 4370; x_wconf 89' lang='lat' dir='ltr'>qui</span> <span class='ocrx_word' id='word_1_265' title='bbox 990 4285 1120 4368; x_wconf 84' lang='lat' dir='ltr'>egomet</span> <span class='ocrx_word' id='word_1_266' title='bbox 1132 4280 1285 4370; x_wconf 88' lang='lat' dir='ltr'>produxi.</span> <span class='ocrx_word' id='word_1_267' title='bbox 1302 4280 1375 4350; x_wconf 93' lang='lat' dir='ltr'><strong>DE.</strong></span> <span class='ocrx_word' id='word_1_268' title='bbox 1389 4264 1580 4366; x_wconf 83' lang='lat' dir='ltr'>Optumest:</span> 
     </span>
     <span class='ocr_line' id='line_1_38' title="bbox 299 4388 1327 4478; baseline -0.001 -25"><span class='ocrx_word' id='word_1_269' title='bbox 299 4389 405 4455; x_wconf 89' lang='lat' dir='ltr'>Metui</span> <span class='ocrx_word' id='word_1_270' title='bbox 428 4414 469 4455; x_wconf 91' lang='lat' dir='ltr'>ne</span> <span class='ocrx_word' id='word_1_271' title='bbox 493 4390 649 4456; x_wconf 89' lang='lat' dir='ltr'>haereret</span> <span class='ocrx_word' id='word_1_272' title='bbox 672 4390 734 4456; x_wconf 92' lang='lat' dir='ltr'>hic.</span> <span class='ocrx_word' id='word_1_273' title='bbox 760 4389 831 4459; x_wconf 86' lang='lat' dir='ltr'><strong>SY.</strong></span> <span class='ocrx_word' id='word_1_274' title='bbox 857 4391 972 4478; x_wconf 92' lang='lat' dir='ltr'>Atque</span> <span class='ocrx_word' id='word_1_275' title='bbox 995 4389 1120 4454; x_wconf 91' lang='lat' dir='ltr'>iratum</span> <span class='ocrx_word' id='word_1_276' title='bbox 1144 4388 1327 4454; x_wconf 86' lang='lat' dir='ltr'>admodum.</span> 
     </span>
    </p>

    <p class='ocr_par' dir='ltr' id='par_1_24' title="bbox 299 4493 1466 4583">
     <span class='ocr_line' id='line_1_39' title="bbox 299 4493 1466 4583; baseline -0.003 -21"><span class='ocrx_word' id='word_1_277' title='bbox 299 4494 372 4566; x_wconf 92' lang='lat' dir='ltr'><strong>DE.</strong></span> <span class='ocrx_word' id='word_1_278' title='bbox 397 4496 486 4576; x_wconf 78' lang='lat' dir='ltr'>Quid</span> <span class='ocrx_word' id='word_1_279' title='bbox 511 4497 645 4563; x_wconf 73' lang='lat' dir='ltr'>aetem?</span> <span class='ocrx_word' id='word_1_280' title='bbox 670 4496 741 4567; x_wconf 88' lang='lat' dir='ltr'><strong>SY.</strong></span> <span class='ocrx_word' id='word_1_281' title='bbox 764 4497 889 4562; x_wconf 85' lang='lat' dir='ltr'>Forum</span> <span class='ocrx_word' id='word_1_282' title='bbox 914 4496 1003 4583; x_wconf 91' lang='lat' dir='ltr'>apud</span> <span class='ocrx_word' id='word_1_283' title='bbox 1026 4495 1169 4562; x_wconf 81' lang='lat' dir='ltr'>fratrem</span> <span class='ocrx_word' id='word_1_284' title='bbox 1192 4495 1331 4560; x_wconf 89' lang='lat' dir='ltr'>adortus</span> <span class='ocrx_word' id='word_1_285' title='bbox 1354 4493 1466 4579; x_wconf 78' lang='lat' dir='ltr'>iargic</span> 
     </span>
    </p>

    <p class='ocr_par' dir='ltr' id='par_1_25' title="bbox 299 4599 1583 4796">
     <span class='ocr_line' id='line_1_40' title="bbox 299 4599 1583 4690; baseline -0.001 -23"><span class='ocrx_word' id='word_1_286' title='bbox 299 4602 350 4667; x_wconf 92' lang='lat' dir='ltr'>De</span> <span class='ocrx_word' id='word_1_287' title='bbox 374 4602 518 4690; x_wconf 79' lang='lat' dir='ltr'>psaltria</span> <span class='ocrx_word' id='word_1_288' title='bbox 541 4604 627 4670; x_wconf 88' lang='lat' dir='ltr'>istac</span> <span class='ocrx_word' id='word_1_289' title='bbox 651 4604 724 4673; x_wconf 90' lang='lat' dir='ltr'><strong>DE.</strong></span> <span class='ocrx_word' id='word_1_290' title='bbox 750 4604 845 4670; x_wconf 90' lang='lat' dir='ltr'>Ain?</span> <span class='ocrx_word' id='word_1_291' title='bbox 870 4603 941 4674; x_wconf 87' lang='grc' dir='ltr'>ΒΥ.</span> <span class='ocrx_word' id='word_1_292' title='bbox 965 4603 1060 4684; x_wconf 88' lang='lat' dir='ltr'>nihil,</span> <span class='ocrx_word' id='word_1_293' title='bbox 1084 4603 1162 4684; x_wconf 87' lang='lat' dir='ltr'>nah,</span> <span class='ocrx_word' id='word_1_294' title='bbox 1185 4601 1334 4668; x_wconf 91' lang='lat' dir='ltr'>reticuit.</span> <span class='ocrx_word' id='word_1_295' title='bbox 1530 4599 1583 4654; x_wconf 76' lang='lat'>405</span> 
     </span>
     <span class='ocr_line' id='line_1_41' title="bbox 300 4709 1147 4796; baseline -0.001 -22"><span class='ocrx_word' id='word_1_296' title='bbox 300 4709 348 4774; x_wconf 90' lang='lat' dir='ltr'>Vt</span> <span class='ocrx_word' id='word_1_297' title='bbox 371 4711 612 4776; x_wconf 85' lang='lat' dir='ltr'>ninnerabatur</span> <span class='ocrx_word' id='word_1_298' title='bbox 635 4710 725 4776; x_wconf 82' lang='lat' dir='ltr'>ferte</span> <span class='ocrx_word' id='word_1_299' title='bbox 749 4716 936 4796; x_wconf 86' lang='lat' dir='ltr'>argentum,</span> <span class='ocrx_word' id='word_1_300' title='bbox 961 4710 1147 4775; x_wconf 89' lang='lat' dir='ltr'>interuenit</span> 
     </span>
    </p>
   </div>
   <div class='ocr_carea' id='block_1_9' title="bbox 0 0 1792 5442">
    <p class='ocr_par' dir='ltr' id='par_1_26' title="bbox 0 0 1792 5442">
     <span class='ocr_line' id='line_1_42' title="bbox 0 0 1792 5442; baseline 0 0"><span class='ocrx_word' id='word_1_301' title='bbox 0 0 1792 5442; x_wconf 95' lang='lat' dir='ltr'> </span> 
     </span>
    </p>
   </div>
  </div>
 </body>
</html>
