3575 5442
743 391 938 445 ..15-

198 549 304 615 Hcmo
329 549 368 614 de
391 547 580 634 inprouiso:
605 546 715 637 coepit
738 546 881 612 clamare
907 547 1094 627 ‘Aeschine

197 657 345 722 Haecine
368 653 501 740 flagitia
524 657 558 720 te
581 653 708 720 facerel
733 653 815 719 haec
839 654 1016 720 admittere

198 763 343 848 Indigna
366 760 515 847 generel’
541 759 613 830 ΒΕ.
639 758 702 841 Oh,
726 760 893 826 lecrumor
916 782 998 848 prae
1021 760 1155 847 gaudie.

200 869 271 940 SY.
298 871 497 954 ‘Argentum
519 892 586 934 ncn
609 873 648 933 tu
671 867 795 955 perdia,
819 868 877 933 sed
900 869 1008 933 uitem
1030 867 1143 933 tuam'
1427 872 1481 925 410

198 977 271 1048 ΒΕ.
296 975 414 1044 Salutis
437 976 498 1041 sit:
524 981 575 1041 est
597 975 769 1055 maierum,
793 997 901 1061 spere,
926 975 1055 1041 similis.
1080 974 1150 1045 SY.
1174 975 1254 1041 Hui.

198 1083 270 1154 ΒΕ.
293 1084 358 1150 Est
381 1085 635 1172 praeceptorum
658 1081 775 1169 plenus
799 1081 941 1148 istorum
962 1082 1030 1148 ille.
1057 1082 1128 1154 SY.
1153 1084 1244 1170 Phy:

198 1191 296 1257 Domi
319 1190 439 1256 habuit
462 1190 549 1256 unde
572 1189 724 1256 disceret.
749 1189 822 1259 ΒΕ.
845 1188 905 1255 Fit
928 1190 1059 1256 sedulo:

198 1299 257 1365 Nil
280 1297 534 1385 praetermitto:
560 1296 784 1362 censuefacic:
811 1297 952 1384 denique

197 1406 366 1493 Inspicere
389 1412 560 1492 tamquam
582 1402 750 1490 speculum
773 1403 863 1469 uitas
887 1404 1040 1487 emnium,
1144 1427 1147 1432 ⁴
1427 1404 1479 1460 415

197 1512 250 1578 Ex
276 1511 351 1577 eliis
374 1512 471 1578 iubeo
495 1513 623 1577 sumere
647 1510 831 1597 exemplem
854 1511 929 1576 sibi.

199 1619 281 1685 ‘Hoc
303 1618 427 1684 fecit0.’
453 1617 524 1689 SY.
542 1618 652 1684 'Recte
676 1619 765 1683 sene.
791 1616 866 1687 ΒΕ.
893 1618 975 1684 ‘Hoc
998 1618 1130 1705 fugito!
1155 1618 1225 1689 SY.
1250 1618 1389 1685 Cellide.

196 1724 269 1793 ΒΕ.
295 1725 377 1791 ‘Hoc
400 1724 548 1790 laudnt!
573 1723 643 1794 SY.
670 1725 781 1792 Istaec
803 1729 859 1792 res
883 1733 944 1792 est.
970 1726 1043 1796 ΒΕ.
1069 1726 1152 1792 ‘Hoc
1174 1727 1259 1792 uitid
1284 1726 1420 1792 datur!-

198 1827 269 1900 SY.
294 1831 516 1897 Probissume.
542 1832 883 1902 DE.P0rrca1'1tem
909 1884 915 1899 .
942 1883 949 1897 .
974 1831 1045 1902 SY.
1070 1833 1146 1900 Non
1170 1832 1253 1898 mihi
1277 1834 1381 1899 etium

197 1937 295 2004 Nunc
318 1937 538 2004 adscidtandi.
562 1939 663 2025 piscis
687 1961 727 2004 ex
750 1940 925 2006 sententie
1426 1940 1480 1996 42⁰

198 2045 275 2111 Sum
300 2046 433 2111 nectus:
459 2051 574 2111 estne
598 2049 856 2132 cerrumpantur
879 2047 1006 2113 cadtio:

196 2152 261 2218 Est
283 2154 353 2218 tem
376 2153 543 2239 flagitium
565 2153 661 2219 nebis
685 2153 719 2218 id
744 2175 851 2243 quam,
876 2155 1012 2237 Demea,

197 2259 274 2325 Non
297 2258 408 2325 ficere
430 2260 526 2326 uobis
550 2262 636 2348 qnae
657 2261 877 2336 mcdcdixti:
903 2262 990 2350 qued
1014 2284 1097 2351 queo

198 2365 375 2432 Conseruis
399 2366 442 2432 ad
466 2367 604 2433 eundem
625 2371 736 2433 istunc
758 2369 929 2455 praecipit
952 2367 1099 2435 modum:

197 2473 279 2538 ‘Hcc
302 2474 468 2554 selsumst
492 2473 555 2540 hcc
577 2474 776 2557 addetumst,
802 2477 863 2542 hcc
885 2476 1052 2543 lautdmst
1074 2498 1208 2564 parum:
1424 2477 1477 2530 425

195 2579 286 2645 Illud
309 2586 415 2646 recte:
440 2581 563 2646 iterum
586 2584 633 2647 sic
655 2585 844 2649 memento:⁷
869 2583 983 2649 sedulo

197 2686 324 2768 Mance,
349 2709 434 2775 quae
457 2711 591 2774 possum
614 2691 675 2776 pre
698 2711 771 2755 mea
794 2690 979 2778 sapientia:

196 2793 368 2859 Postremo
391 2800 561 2882 tamquam
584 2796 752 2880 speculum
774 2797 920 2882 patinae,
945 2798 1079 2878 Demea,
1210 2829 1213 2834 ·

196 2898 364 2987 Inspicere
388 2900 484 2966 iubeo
509 2907 543 2966 et
565 2902 645 2966 dsus
667 2924 782 2967 moneo
807 2903 886 2990 quid
910 2904 985 2969 siet.

195 3009 323 3094 Inepta,
347 3030 407 3073 nos
432 3028 516 3095 quae
539 3005 679 3073 fecimus
703 3031 784 3090 esse,
808 3009 931 3075 sentio:

195 3113 321 3179 Verdm
344 3113 424 3202 quid
447 3113 575 3180 facias?
599 3117 639 3180 dt
661 3115 800 3196 homost,
824 3117 876 3182 ita
898 3120 1023 3182 morem
1045 3139 1154 3203 geras.

194 3220 365 3306 Numquid
388 3221 462 3286 uis?
488 3222 563 3290 ΒΕ.
588 3222 734 3288 Mentem
757 3223 853 3289 uehis
875 3224 1045 3290 meliorem
1069 3224 1154 3290 dari.

195 3323 265 3395 SY.
289 3325 422 3392 Turis
446 3327 523 3392 hinc
546 3328 634 3392 ibis?
659 3329 733 3400 ΒΕ.
756 3330 874 3396 Recta.
900 3330 969 3401 SY.
995 3331 1082 3398 Nam
1106 3329 1186 3421 quid
1209 3332 1263 3398 hic
1287 3354 1377 3421 agas,

194 3431 263 3497 Vbi
286 3432 397 3519 siquid
420 3434 503 3500 bene
526 3434 725 3522 praecipias,
750 3459 843 3502 nemo
868 3438 1097 3525 obtemperet?

193 3539 268 3630 ΒΕ.
291 3539 366 3625 Ego
391 3541 472 3605 ebeo
495 3563 586 3624 uero,
611 3543 743 3629 quendo
766 3542 805 3624 is,
831 3544 871 3608 cb
896 3566 993 3632 quem
1015 3548 1181 3628 ueneram,
1420 3547 1475 3602 435

193 3645 266 3712 Rus
290 3646 389 3714 abiit:
413 3646 509 3714 illum
531 3648 611 3714 cdrc
635 3672 750 3715 unum:
775 3649 833 3716 ille
856 3651 900 3716 ad
922 3674 973 3716 me
998 3652 1132 3733 attinet,

194 3753 334 3833 Quando
357 3756 409 3819 ita
432 3755 505 3822 uolt
527 3755 652 3822 frater:
678 3757 718 3822 de
740 3759 826 3824 istoc
849 3758 921 3845 ipse
944 3760 1079 3831 uiderit.

194 3857 257 3925 Sed
280 3860 350 3925 illic
373 3861 458 3949 quis
483 3886 580 3951 quem
602 3864 699 3930 uideo
722 3865 860 3950 proculi
885 3871 978 3932 estne
1001 3867 1111 3953 Hegio

193 3965 342 4041 Tribulis
365 3969 501 4036 noster?
526 3972 586 4050 est,
611 3970 688 4052 nah,
713 3970 742 4036 si
765 3975 864 4038 cerne
888 3972 972 4038 satis¹

193 4073 329 4139 Amicus
352 4075 448 4141 nobis
470 4077 548 4144 inde
572 4100 593 4143 a
616 4101 719 4165 puero
744 4079 792 4166 (di
816 4079 904 4161 boni,

192 4179 283 4246 Modi
307 4181 397 4248 illius
421 4205 463 4248 ne
485 4185 608 4270 megna
630 4185 726 4251 nobis
750 4187 872 4252 ciuium

192 4286 396 4376 Pendriast)‚
420 4290 516 4356 homo
540 4295 670 4358 uirtute
694 4293 844 4383 antique,
868 4290 947 4360 fide:

192 4393 292 4459 Haud
315 4399 381 4462 clto
404 4397 485 4464 mali
509 4395 589 4486 quid
614 4401 654 4464 ex
677 4400 739 4464 hoc
763 4406 873 4466 crtum
896 4400 1037 4487 publice.

193 4498 300 4579 Quam
321 4501 466 4587 gaddeol
490 4505 621 4571 restere
644 4507 777 4591 generis
800 4507 962 4595 reliquias
1055 4537 1058 4541 ·

192 4607 260 4672 Vbi
283 4608 381 4674 hdius
404 4608 512 4691 uidc0,
536 4612 613 4693 nah,
637 4613 731 4678 lubet
755 4618 789 4678 et
812 4636 899 4680 nunc
922 4617 1048 4680 uiuere.

193 4711 370 4802 Opperiar,
394 4721 433 4784 ut
456 4717 621 4784 hominem
644 4719 795 4802 salutem,
820 4719 1011 4808 cdnlcquar.
