3575 5442
851 357 1049 414 „20-

312 513 417 580 Aedis
442 514 540 579 huius
564 517 636 579 scin
661 512 816 580 Cratini?
840 514 914 584 DE.
938 513 1024 580 Scio.
1049 513 1120 584 SY.
1143 514 1212 580 Vbi
1236 536 1292 582 eas
1316 514 1542 602 praeterieris,

309 607 364 688 Ad
388 621 560 687 sinistram
582 623 676 686 recta
700 619 830 707 platea;
855 620 914 685 ubi
938 621 980 688 ed
1003 620 1136 687 Dianae
1160 621 1304 702 ueneris

310 712 363 795 ito
387 727 430 793 ad
456 729 622 793 dextram:
647 730 741 816 prius
766 727 809 792 ad
832 734 966 815 portam
989 728 1088 816 quim
1110 731 1237 809 uenias,
1263 728 1353 815 apid
1376 729 1484 795 lacum

310 819 424 924 ipsum
447 834 636 920 patrinae,
663 834 841 900 antorsum
863 834 1008 911 fabrica:
1033 835 1081 900 111
1115 833 1190 905 nn.
1215 835 1303 916 oua
1325 834 1374 901 111
1397 834 1501 903 saue

311 943 380 1012 SY.
404 941 543 1008 lectulos
567 941 603 1007 in
626 941 695 1008 sole
717 941 833 1027 ilignis
857 941 997 1030 pedibus
1020 941 1195 1008 faciundas
1219 942 1321 1008 dedit.
1541 943 1594 998 585

312 1049 386 1120 ΒΕ.
411 1030 478 1120 ilbi
502 1049 626 1136 potetis
657 1051 731 1114 uos:
756 1049 839 1114 bene
863 1070 953 1114 sane.
990 1049 1049 1115 sed
1073 1072 1163 1115 cesso
1188 1049 1231 1114 ad
1255 1072 1328 1116 eum
1351 1049 1516 1136 pergere?
1551 1089 1594 1098 -
1725 1055 1733 1063 '

231 1156 232 1159 '
287 1157 381 1253 ¹SY.
404 1139 423 1223 i
444 1179 539 1223 sane:
564 1156 732 1237 exercebo,
757 1161 801 1220 ut
820 1155 951 1241 dignus,
976 1155 1074 1222 hodie
1097 1162 1132 1222 te
1154 1155 1368 1222 silicernium.

311 1264 499 1330 Aeschinus
524 1263 635 1328 odiose
659 1268 781 1328 cessat:
807 1261 985 1350 prandium
1008 1261 1251 1348 corrumpitur:

314 1371 508 1458 Ctesiphost
530 1370 566 1435 in
590 1371 701 1435 amore
725 1375 827 1435 totus,
854 1372 915 1454 ego
939 1369 1006 1434 iam
1029 1369 1231 1458 prospiciam
1253 1369 1352 1434 mihi:

313 1478 401 1544 Nam
442 1477 510 1542 iam
549 1477 648 1542 adibo
688 1481 790 1563 atque
832 1476 935 1540 inum
969 1475 1136 1563 quicquid,
1184 1476 1272 1565 qnod
1315 1476 1448 1564 quidem
1486 1476 1595 1542 bellis·

404 1656 409 1664 !
1168 1607 1305 1665 sumum,
1540 1584 1594 1639 590

314 1691 472 1778 Carpam:
497 1690 662 1778 paulatim
684 1690 865 1778 producam
888 1689 1055 1755 sorbilans
1078 1691 1224 1778 cyathos
1249 1691 1344 1756 diem.

790 1920 937 1994 niolo.
962 1920 1117 1991 flnalo.
1199 1989 1202 1992 ,

314 2081 377 2153 ΜΙ.
403 2082 499 2148 Nihil
514 2081 656 2169 reperio,
680 2082 799 2147 lauder
816 2083 856 2147 ob
874 2103 973 2171 quam
988 2085 1059 2149 rem
1074 2089 1171 2148 tanto
1196 2105 1296 2171 opere
1320 2107 1390 2169 ege,
1415 2084 1554 2170 Hegio.-

314 2188 470 2255 Officium
493 2189 594 2255 facio:
620 2189 708 2277 quod
731 2196 903 2276 peccatum
926 2211 947 2254 a
969 2189 1065 2255 nobis
1089 2196 1199 2256 ortum
1222 2191 1364 2276 corrigo.

314 2297 493 2364 Hominum
515 2295 581 2362 nisi
604 2318 655 2362 me
679 2295 851 2362 credidisti
875 2298 1013 2363 mimero
1036 2297 1072 2362 in
1095 2297 1163 2378 illo,
1188 2300 1246 2384 qui
1269 2304 1402 2384 putant,

312 2404 477 2470 iniuriam
500 2403 564 2469 sibi
588 2403 680 2484 fieri,
706 2405 735 2469 si
759 2425 858 2492 quam
881 2403 991 2469 fecere
1014 2404 1082 2492 ipsi
1106 2404 1305 2490 expostules
1541 2407 1595 2461 595

311 2512 360 2578 Et
382 2511 472 2578 ultro
497 2517 668 2577 accusant:
692 2512 835 2597 gratias,
859 2512 1029 2599 quianon
1053 2533 1073 2576 a
1095 2535 1147 2578 me
1170 2512 1340 2594 factumst,
1366 2513 1460 2598 agis?

313 2619 386 2689 ΗΕ.
399 2619 466 2700 Ah,
479 2621 636 2683 minume:
650 2624 684 2683 te
692 2639 871 2705 numquam
879 2617 980 2685 aliter
992 2624 1093 2706 atque
1106 2641 1140 2684 es
1153 2623 1189 2685 in
1202 2619 1470 2685 animuminduxi
1478 2641 1595 2686 meum.

315 2723 379 2792 Sed
403 2727 459 2791 eis
483 2724 527 2790 ad
550 2729 690 2790 matrem
705 2727 837 2812 'quaeso
861 2747 996 2806 mecum,
1020 2724 1130 2806 Micio,
1154 2747 1222 2790 una
1247 2725 1399 2811 uirginis,

315 2833 429 2920 Atque
453 2835 557 2898 istaec
582 2831 694 2897 eadem
719 2831 800 2896 mihi
824 2853 909 2919 quae
934 2831 1020 2897 dixti
1043 2833 1117 2897 tite
1142 2832 1232 2897 dicas
1256 2831 1401 2898 mulieri:

315 2939 542 3026 Suspicionem
565 2938 706 3005 fratrem
730 2945 882 3026 propter:
909 2939 980 3004 eius
1003 2937 1096 3004 iilam
1119 2939 1306 3026 psaltriam.
1544 2939 1597 2994 600

315 3047 378 3117 ΜΙ.
404 3047 554 3134 Aequom
575 3045 604 3110 si
625 3068 737 3111 censes
761 3048 823 3112 erit
843 3046 872 3112 si
888 3045 1013 3111 faciest
1038 3048 1130 3133 opuS,
1155 3068 1277 3112 eamus.
1302 3045 1374 3129 HE.
1391 3046 1482 3113 Bene
1497 3048 1595 3113 facis:

314 3154 362 3220 Et
384 3153 436 3218 iili
459 3152 637 3218 relicuabis
662 3153 816 3232 animum,
842 3155 927 3241 quae
952 3153 1066 3218 dolore
1090 3175 1129 3219 ac
1151 3154 1287 3220 miseria

316 3259 482 3340 Tabescit',
508 3265 542 3326 et
564 3265 655 3324 tuom
679 3259 746 3324 eris
770 3258 916 3324 officium
938 3258 1083 3325 finctus
1109 3259 1210 3326 aliter
1232 3264 1261 3326 si
1285 3269 1394 3349 putas,

314 3367 400 3432 Mihi
417 3388 500 3456 quae
518 3365 603 3430 dixti
619 3366 766 3431 narrabo
783 3371 923 3450 egomet.
940 3363 1005 3435 Ml.
1023 3349 1125 3432 immo
1143 3389 1203 3452 ego
1219 3367 1284 3432 ibo.
1301 3368 1375 3440 HE.
1391 3369 1482 3435 Bene
1498 3367 1597 3434 facis:

316 3473 448 3553 Omnes,
473 3471 592 3559 quibus
616 3472 724 3536 mimis
748 3473 910 3539 secundae
935 3476 1000 3554 rea,
1024 3478 1105 3540 sunt
1127 3474 1237 3540 nescio
1262 3478 1326 3562 quo
1342 3477 1437 3542 modo
1545 3475 1598 3530 005

316 3578 510 3666 Suspiciosi:
529 3577 579 3658 ad
602 3579 834 3644 contumeliam
858 3579 968 3644 ‹imnia
992 3579 1162 3667 accipiunt
1185 3582 1308 3666 magis:

316 3687 462 3772 Propter
485 3706 579 3750 suam
601 3684 824 3771 inpotentiam
849 3709 883 3751 se
907 3689 1038 3774 semper
1061 3685 1202 3751 credunt
1225 3685 1384 3752 claudier.

318 3793 533 3880 Quapropter
555 3792 664 3878 ipsum
686 3795 721 3858 te
744 3815 891 3878 purgare
916 3795 1027 3858 coram
1050 3792 1248 3880 placabilius
1271 3799 1332 3860 est.

317 3900 381 3970 ΜΙ.
420 3900 468 3966 Et
508 3902 600 3966 recte
642 3907 675 3965 et
717 3922 833 3966 uerum
869 3900 960 3965 dicis.
1005 3899 1077 3970 HE.
1108 3901 1201 3986 Ergo
1238 3904 1289 3966 me
1324 3924 1462 3989 sequere
1497 3902 1599 3968 intro.

891 4035 906 4044 ··
1172 4007 1238 4076 ΜΙ.
1261 4007 1425 4073 Maxume.

818 4219 1099 4291 AESCHINVS.

319 4383 513 4449 Discrucior
537 4384 638 4448 animi
663 4383 703 4449 de
726 4385 899 4470 inprouiso
923 4385 1005 4449 mihi
1027 4383 1108 4448 mali
1131 4382 1248 4448 hocine
1272 4383 1358 4448 obici
1548 4384 1603 4439 010

319 4492 474 4572 Tantum,
499 4515 605 4579 neque
629 4493 709 4580 quid
733 4494 772 4557 ut
795 4515 845 4558 me
868 4492 991 4557 faciam
1015 4494 1076 4557 neo
1101 4490 1181 4578 quid
1205 4492 1303 4575 agam
1326 4494 1453 4557 certum
1476 4492 1556 4559 siet!

319 4599 413 4663 Meni
437 4597 560 4663 debiiia
584 4599 731 4664 membra
754 4606 842 4679 sunt,
867 4600 987 4665 timore
1012 4597 1176 4685 obstipuit
1200 4597 1338 4680 animus

320 4704 512 4770 Consistere
536 4705 621 4770 nihil
646 4709 720 4794 quit
743 4707 873 4772 consilii
897 4710 1043 4794 pectore.
